datekey,ticker,revenue,netinc,ncf,cashneq,de,netmargin,eps,pe,ps,pb,bvps,P0,P1
2001-08-14,AMT,0.262968,-0.10394,-0.551094,0.560599,1.287,-0.395,-0.54,-11.69,3.22,1.031,16.022,14.9415458597,5.81160855343
2001-11-14,AMT,0.296196,-0.124938,-0.164748,0.338319,1.294,-0.422,-0.65,-3.849,1.282,0.454,15.588,6.34653040156,4.98655960123
2002-04-01,AMT,0.312559,-0.149709,-0.240136,0.130029,1.382,-0.479,-0.77,-2.304,0.914,0.363,14.627,4.81429663318,3.69912057691
2002-05-15,AMT,0.270347,-0.071771,-0.006394,0.077063,1.406,-0.265,-0.37,-1.726,0.681,0.279,14.271,3.60845585689,1.29650549632
2002-08-14,AMT,0.257381,-0.101168,-9.3e-05,0.076941,1.857,-0.393,-0.52,-0.616,0.243,0.13,10.895,1.27837255231,1.15144194428
2002-11-14,AMT,0.266607,-0.353877,0.035389,0.06486,2.21,-1.327,-1.81,-0.448,0.274,0.171,9.082,1.40530316035,5.38548436932
2003-03-24,AMT,0.010941,-0.052444,0.062432,0.127292,2.265,-4.793,-0.26,-0.96,1.39,0.635,8.818,5.07722432125,6.79985400167
2003-05-12,AMT,0.177161,-0.091623,-0.025881,0.318599,2.359,-0.517,-0.47,-2.6,2.188,0.92,8.657,6.96305049771,9.29313380228
2003-08-14,AMT,0.178222,-0.107715,0.006186,0.300482,2.321,-0.604,-0.53,-3.589,3.434,1.302,8.226,9.00300669821,10.4627086906
2003-11-14,AMT,0.186874,-0.052862,-0.041466,0.349853,2.193,-0.283,-0.25,-7.675,4.227,1.344,8.137,9.65579268237,9.78272329041
2004-03-12,AMT,0.191521,-0.051217,0.039334,0.275501,2.128,-0.267,-0.22,-8.012,3.399,1.436,7.703,10.0003186185,11.9133442109
2004-05-10,AMT,0.186179,-0.04288,-0.006767,0.217835,2.126,-0.23,-0.19,-11.249,3.857,1.74,7.469,11.6232171069,12.4120001711
2004-08-09,AMT,0.192972,-0.060535,0.099158,0.197856,2.139,-0.314,-0.27,-14.579,3.993,1.846,7.328,12.221604259,15.7756612839
2004-11-09,AMT,0.199188,-0.055904,-0.071023,0.126833,2.133,-0.281,-0.25,-19.38,5.3,2.534,7.161,16.201785468,15.9932566119
2005-03-30,AMT,0.128321,-0.07403,0.088724,0.215557,2.464,-0.577,-0.32,-16.598,5.815,2.805,6.411,16.156453108,15.5943318438
2005-05-10,AMT,0.184355,-0.031561,-0.09276,0.122797,2.397,-0.171,-0.14,-17.682,5.57,2.714,6.284,15.4311353478,20.517426141
2005-08-08,AMT,0.18806,-0.031818,-0.037175,0.085622,2.389,-0.169,-0.14,-26.584,7.342,3.618,6.154,20.1275678449,23.0560383017
2005-11-09,AMT,0.264746,-0.02087,0.023537,0.109159,0.894,-0.079,-0.06,-67.388,13.934,2.302,13.864,23.4821624858,27.7706037428
2006-03-15,AMT,0.307625,-0.087341,0.003542,0.112701,0.937,-0.284,-0.25,-74.842,13.593,2.843,14.931,27.7434043268,31.7235855358
2006-05-10,AMT,0.320409,-0.002585,-0.027128,0.085573,0.965,-0.008,-0.01,-103.327,13.634,3.348,10.546,31.8414496718,33.5096805202
2006-11-29,AMT,0.333467,0.003472,0.116748,0.207202,0.963,0.01,0.01,-206.455,12.636,3.713,10.284,34.6611224645,35.2232437287
2007-02-28,AMT,0.337646,0.018285,0.074062,0.281264,0.964,0.054,0.04,591.688,12.344,3.712,10.254,35.1053795926,35.3592408087
2007-05-08,AMT,0.352474,0.022228,-0.234113,0.047151,1.083,0.063,0.05,320.696,12.274,4.151,9.463,35.9394950168,36.438150977
2007-08-07,AMT,0.358423,-0.019991,0.16587,0.248949,1.306,-0.056,-0.05,701.989,12.188,4.636,8.699,37.1725352091,39.1580925776
2007-11-09,AMT,0.367585,0.059628,-0.130286,0.123889,1.431,0.162,0.15,213.303,12.073,5.07,8.224,38.2967777374,33.8270070403
2008-03-14,AMT,0.378112,-0.005549,-0.049612,0.086807,1.691,-0.015,-0.01,262.75,10.159,4.902,7.483,33.8995388163,39.8652773938
2008-05-08,AMT,0.382184,0.042155,0.08851,0.17176,1.813,0.11,0.11,228.811,11.737,5.995,7.328,39.8834103378,37.4082634812
2008-08-06,AMT,0.393728,0.158786,0.030497,0.20329,1.734,0.403,0.4,65.297,10.944,5.512,7.611,38.3239771534,28.1241961509
2008-11-06,AMT,0.409268,0.060466,-0.085895,0.117062,1.864,0.148,0.15,46.482,7.608,4.192,7.208,27.1812830627,24.31627791
2009-02-26,AMT,0.408324,0.085839,0.076842,0.194943,1.746,0.21,0.22,32.935,7.177,3.827,7.561,26.1114393664,27.2084824787
2009-05-08,AMT,0.408678,0.058601,0.159961,0.364513,1.703,0.143,0.15,32.236,7.237,3.808,7.752,26.7279594626,30.3908141515
2009-08-06,AMT,0.423358,0.056289,0.020599,0.374411,1.747,0.133,0.14,49.526,7.842,4.189,7.77,29.7198952233,34.7699201285
2009-11-05,AMT,0.444105,0.067355,-0.093963,0.280469,1.597,0.152,0.17,57.953,9.223,4.807,8.134,35.0872466486,38.6775695615
2010-03-01,AMT,0.447973,0.06435,0.017619,0.295129,1.567,0.144,0.16,70.101,10.026,5.215,8.255,38.9223643056,37.0637375451
2010-05-06,AMT,0.454434,0.096318,0.105594,0.402681,1.51,0.212,0.24,56.802,9.125,4.674,8.587,36.2930874249,42.5761525225
2010-08-06,AMT,0.469937,0.099665,-0.049994,0.355459,1.504,0.212,0.25,57.229,10.324,5.472,8.509,42.3857566104,47.5173797637
2010-11-05,AMT,0.513322,0.093439,0.068985,0.441037,1.737,0.182,0.23,58.569,10.988,6.005,8.614,47.0731226356,48.741353484
2011-02-28,AMT,0.547642,0.083514,0.512085,0.959935,1.96,0.152,0.21,57.53,10.807,6.128,8.777,48.922682924,46.9099261395
2011-05-05,AMT,0.562695,0.091842,-0.52114,0.44225,2.072,0.163,0.23,57.009,10.033,6.003,8.797,48.0160357238,48.659755236
2011-08-04,AMT,0.597235,0.115211,-0.030281,0.382748,2.07,0.193,0.29,52.571,9.09,5.668,8.981,46.2480736834,51.6063586367
2011-11-02,AMT,0.630403,-0.015701,-0.155036,0.227727,2.313,-0.025,-0.04,81.074,9.532,6.829,8.258,51.4068962526,56.7986700753
2012-02-29,AMT,0.653199,0.20511,0.152685,0.372966,2.684,0.314,0.52,62.146,10.083,7.495,8.358,57.0814320429,60.3306427412
2012-05-03,AMT,0.696517,0.221306,0.141067,0.527596,2.602,0.318,0.56,50.305,10.265,7.605,8.832,61.3648300333,65.6992057179
2012-08-02,AMT,0.697734,0.048209,0.010679,0.520697,2.747,0.069,0.12,62.159,10.653,8.496,8.506,66.2776084513,67.5789932834
2012-10-31,AMT,0.713335,0.232089,-0.099625,0.425794,2.608,0.325,0.59,42.119,10.782,8.369,8.999,69.3474499701,69.7694576987
2013-02-27,AMT,0.768374,0.135679,-0.013694,0.437934,2.912,0.177,0.34,47.986,10.633,8.559,9.041,71.5157730881,77.8601856696
2013-05-01,AMT,0.802728,0.171407,0.073088,0.488439,2.909,0.214,0.43,56.51,11.131,9.04,9.29,77.8045646297,67.6041752405
2013-07-31,AMT,0.80883,0.099821,0.006741,0.545724,3.047,0.123,0.25,43.759,9.04,7.947,8.898,65.8552300161,74.9725098095
2013-10-30,AMT,0.80788,0.180123,3.591906,4.172372,4.129,0.223,0.46,54.245,9.989,9.023,8.94,75.3460183899,75.1341658719
2014-02-26,AMT,0.941969,0.099982,-3.746777,0.446492,4.72,0.106,0.26,57.913,9.499,9.034,8.953,75.7621585257,78.5908729719
2014-05-01,AMT,0.984089,0.202499,0.039863,0.494701,4.553,0.206,0.51,58.591,9.632,9.295,9.291,81.1409360198,87.2338286284
2014-07-30,AMT,1.031457,0.234431,-0.05048,0.441951,3.731,0.223,0.58,53.502,10.126,8.653,11.131,90.9177694151,90.1239121585
2014-10-30,AMT,1.038188,0.207593,0.012654,0.43085,3.912,0.193,0.5,53.534,9.813,9.348,10.586,93.7743809835,92.641485555
2015-02-24,AMT,1.046314,0.180387,0.017879,0.473698,4.37,0.161,0.42,46.876,9.158,9.497,9.97,90.090584689,89.392761051
2015-04-30,AMT,1.07919,0.193317,0.009908,0.452905,2.516,0.17,0.45,51.143,9.534,5.44,18.147,90.3678505203,92.8639644225
2015-07-29,AMT,1.174375,0.156056,-0.048698,0.409851,2.612,0.11,0.31,59.847,9.398,5.577,17.277,92.5181739054,97.381653493
2015-10-29,AMT,1.23791,0.102999,0.012702,0.42533,3.059,0.062,0.18,77.457,9.517,6.526,15.631,98.4339584628,86.7774385131
2016-02-26,AMT,1.280041,0.232702,0.033282,0.462879,3.036,0.161,0.49,64.136,7.996,5.736,15.696,87.3500026902,101.540255916
2016-04-29,AMT,1.289047,0.275159,0.015717,0.477268,2.894,0.193,0.59,67.498,8.94,6.423,16.35,102.271603193,115.251851757
2016-07-28,AMT,1.442227,0.18755,0.074135,0.553299,3.368,0.111,0.38,71.799,9.455,7.328,15.941,114.31110031,113.904269474
2016-10-27,AMT,1.514845,0.264509,0.11982,0.681013,3.396,0.157,0.56,57.604,8.889,7.324,15.763,113.638391089,111.774805403
2017-02-27,AMT,1.539549,0.229207,0.256803,0.936442,3.373,0.131,0.48,57.01,8.369,7.158,15.875,112.220360035,122.212338986
2017-04-27,AMT,1.616238,0.31608,-0.074383,0.858256,3.436,0.179,0.68,60.045,8.744,7.801,16.037,125.157933997,137.87
2017-07-27,AMT,1.662434,0.367051,0.057246,0.913301,3.692,0.207,0.81,53.908,9.139,8.928,15.171,134.86,137.57
