datekey,ticker,revenue,netinc,ncf,cashneq,de,netmargin,eps,pe,ps,pb,bvps,P0,P1
2001-08-14,AXP,5.268,0.178,0.417,8.481,11.898,0.034,0.13,24.477,2.263,4.433,8.903,24.0469749016,19.6839158475
2001-11-14,AXP,5.724,0.298,1.379,9.86,10.863,0.052,0.23,26.377,1.958,3.648,9.229,20.4612424606,25.1335604898
2002-04-01,AXP,5.871,0.297,-2.638,7.222,11.511,0.051,0.22,41.108,2.387,4.477,9.071,24.6571345012,26.4374631957
2002-05-14,AXP,5.759,0.618,0.281,7.503,10.707,0.107,0.47,42.537,2.616,4.735,9.43,27.3485234196,21.8570870239
2002-08-13,AXP,5.945,0.683,1.4,8.903,9.94,0.115,0.51,24.413,1.987,3.483,10.03,21.4558861914,21.6564866076
2002-11-13,AXP,5.907,0.687,-0.91,7.993,9.361,0.116,0.52,20.247,1.97,3.31,10.573,21.7400701144,21.7735035171
2003-03-27,AXP,6.196,0.683,2.295,10.288,10.345,0.11,0.52,16.941,1.901,3.264,10.597,21.3137942298,25.0750520351
2003-05-15,AXP,6.023,0.692,-1.883,8.405,9.908,0.115,0.53,19.367,2.209,3.779,10.847,25.4344611142,27.858382811
2003-08-14,AXP,6.356,0.762,-1.716,6.689,9.975,0.12,0.6,20.76,2.395,4.045,11.295,28.326450449,28.5521259173
2003-11-14,AXP,6.419,0.77,-0.661,6.028,10.052,0.12,0.6,20.058,2.333,3.93,11.581,28.2595836435,32.1880084624
2004-03-12,AXP,7.068,0.763,-0.302,5.726,10.421,0.108,0.6,22.511,2.6,4.388,12.018,32.5557758922,30.3491713131
2004-05-10,AXP,6.91,0.794,-0.909,4.817,10.32,0.115,0.62,19.96,2.305,3.919,12.32,30.1987210009,31.3270983425
2004-07-30,AXP,7.258,0.876,1.254,6.071,10.821,0.121,0.69,19.89,2.304,4.203,12.002,31.5109820574,34.6453635618
2004-11-08,AXP,7.202,0.879,1.55,7.621,10.318,0.122,0.71,20.753,2.417,4.339,12.652,34.4113297428,33.7928117926
2005-03-10,AXP,7.745,0.896,1.856,9.907,11.025,0.116,0.72,19.573,2.316,4.209,12.878,34.0268456116,33.4919111682
2005-05-03,AXP,7.573,0.946,-0.628,9.279,10.751,0.125,0.76,18.358,2.217,4.093,13.021,33.4584777655,35.054922745
2005-08-03,AXP,8.002,1.013,0.001,9.28,10.404,0.127,0.83,18.437,2.256,4.011,13.943,35.1050728491,40.7348037618
2005-11-09,AXP,2.255,1.03,0.442,7.623,9.99,0.457,0.83,15.766,2.395,6.186,8.057,40.9006283242,44.6682932548
2006-03-06,AXP,6.437,0.745,-2.596,7.126,9.803,0.116,0.61,17.816,2.741,6.306,8.556,44.6682932548,44.769620196
2006-05-08,AXP,6.332,0.873,-1.733,5.393,9.379,0.138,0.71,18.064,2.872,6.236,8.608,44.6446817211,43.6111668584
2006-08-07,AXP,6.837,0.945,1.405,6.798,10.196,0.138,0.78,17.616,2.895,6.042,8.614,43.5192835342,49.4722008338
2006-11-09,AXP,6.759,0.967,1.18,7.978,10.243,0.143,0.8,20.106,2.692,6.598,8.941,49.3381979197,47.7480247336
2007-03-01,AXP,7.208,0.922,-0.022,7.956,11.164,0.128,0.77,18.189,2.485,6.415,8.781,47.479352887,53.2639548562
2007-05-09,AXP,6.668,1.057,0.023,7.979,11.04,0.159,0.89,19.331,2.738,7.167,8.842,53.2723733729,50.8265731005
2007-08-07,AXP,7.13,1.057,-0.608,7.371,11.635,0.148,0.9,17.857,2.575,6.721,9.02,50.9953480403,47.4600008254
2007-11-09,AXP,6.945,1.067,3.963,8.41,11.931,0.154,0.91,16.101,2.363,6.062,9.315,47.78993666,39.1121780099
2008-02-28,AXP,6.988,0.831,3.644,11.737,12.585,0.119,0.72,12.8,1.852,4.656,9.402,37.7113728501,43.7517768289
2008-05-02,AXP,7.186,0.991,4.221,19.489,10.753,0.138,0.86,14.796,2.067,5.072,9.984,42.9590795281,32.1453391604
2008-07-31,AXP,7.484,0.653,0.602,20.091,10.193,0.087,0.57,12.15,1.505,3.508,10.632,31.7856949822,22.4287240324
2008-10-31,AXP,7.164,0.815,-4.193,15.556,9.162,0.114,0.71,9.695,1.107,2.548,10.848,23.6680702567,10.9157772291
2009-02-27,AXP,0.733,0.24,4.652,8.128,9.647,0.327,0.2,5.233,0.626,1.193,10.261,10.4728936661,22.1740308737
2009-05-01,AXP,4.123,0.437,0.26,7.25,6.68,0.106,0.31,13.222,1.454,1.797,13.651,21.3563524949,25.1013400505
2009-08-03,AXP,4.508,0.337,-5.193,6.717,7.721,0.075,0.09,18.628,2.061,2.539,11.549,25.3848708947,32.458510679
2009-10-30,AXP,4.838,0.64,3.031,8.06,7.638,0.132,0.54,25.049,2.917,2.971,11.836,31.0333290905,34.0289772749
2010-02-26,AXP,5.741,0.716,-3.106,11.478,7.614,0.125,0.6,21.457,2.379,3.172,12.334,34.1631609392,41.2032611991
2010-05-05,AXP,5.663,0.885,5.556,19.222,9.675,0.156,0.74,20.703,2.572,3.976,11.329,39.9184669664,39.8106475395
2010-08-05,AXP,6.206,1.017,-1.468,20.687,8.906,0.164,0.84,15.962,2.317,3.583,12.196,39.007394846,38.4394221868
2010-11-03,AXP,6.66,1.093,0.654,21.341,8.174,0.164,0.91,13.647,2.087,3.181,13.345,38.1492449021,39.6309312543
2011-02-28,AXP,7.083,1.062,-4.632,16.055,8.06,0.15,0.88,12.913,2.045,3.228,13.662,39.6673483747,45.6070531024
2011-05-04,AXP,6.934,1.177,5.671,21.476,7.236,0.17,0.98,13.738,2.222,3.418,14.666,45.4242593024,44.5025362841
2011-08-03,AXP,7.261,1.331,1.055,22.614,7.118,0.183,1.11,12.509,2.088,3.204,15.298,44.81438423,45.1199379158
2011-11-02,AXP,7.322,1.235,1.863,24.55,7.215,0.169,1.03,12.164,2.044,3.229,15.287,46.3448719315,48.6902336128
2012-02-24,AXP,7.333,1.192,-0.052,24.086,7.159,0.163,1.02,12.988,2.222,3.411,16.202,49.3003637473,55.8511590041
2012-05-01,AXP,7.202,1.256,2.189,26.867,6.625,0.174,1.07,13.995,2.41,3.525,17.161,56.5561395861,52.8653933339
2012-08-02,AXP,7.504,1.339,-5.01,22.002,6.688,0.178,1.16,12.752,2.181,3.324,16.827,52.5768674196,52.0689230118
2012-10-31,AXP,7.383,1.25,3.071,24.975,6.848,0.169,1.1,12.435,2.129,3.216,17.041,52.2743967887,57.6722843181
2013-02-22,AXP,7.503,0.637,-2.893,21.912,7.109,0.085,0.58,15.421,2.336,3.66,16.999,58.6375500452,63.6836671584
2013-04-29,AXP,7.384,1.28,5.714,27.964,7.131,0.173,1.15,16.489,2.495,3.852,17.552,63.5708695191,71.0363993618
2013-07-29,AXP,7.652,1.405,-4.835,23.129,6.982,0.184,1.28,17.712,2.706,4.254,17.462,70.7723936302,78.2731986997
2013-10-29,AXP,7.809,1.366,-0.843,22.286,6.811,0.175,1.26,19.117,2.953,4.664,17.892,79.1244055488,85.2637935238
2014-02-25,AXP,8.019,1.308,-2.8,19.486,6.867,0.163,1.22,17.827,3.095,4.9,18.018,85.2543113404,82.7619215201
2014-04-29,AXP,7.714,1.432,1.254,20.74,6.584,0.186,1.34,16.864,2.979,4.652,18.846,83.4558820382,87.421614112
2014-07-30,AXP,8.168,1.529,-2.31,18.43,6.539,0.187,1.44,16.884,3.0,4.707,19.214,86.6590223413,82.8293670738
2014-10-28,AXP,7.841,1.477,2.834,21.264,6.611,0.188,1.41,15.848,2.869,4.504,19.42,84.1488236889,76.9981405142
2015-02-24,AXP,8.525,1.447,1.024,22.288,6.696,0.17,1.39,14.003,2.556,3.986,19.783,77.5351138478,74.5509835276
2015-04-29,AXP,7.53,1.525,1.284,23.572,6.086,0.203,1.49,13.111,2.444,3.59,21.423,74.2334996644,72.5308829581
2015-07-29,AXP,7.817,1.473,-2.501,21.071,6.181,0.188,1.43,12.799,2.39,3.463,21.69,73.1006236177,71.7371945142
2015-10-28,AXP,7.664,1.266,-1.133,19.938,6.228,0.165,1.24,12.831,2.324,3.435,21.464,72.1636823616,52.7233654491
2016-02-19,AXP,7.819,0.899,2.824,22.762,6.797,0.115,0.91,10.216,1.711,2.551,20.694,53.2686117031,64.7680576045
2016-04-27,AXP,7.654,1.426,2.283,25.045,6.662,0.186,1.45,12.438,2.035,3.039,21.568,64.797408688,63.2445970722
2016-07-26,AXP,7.772,2.015,8.722,33.767,6.708,0.259,2.11,10.607,1.924,2.871,22.081,63.2839221753,66.2859746394
2016-10-25,AXP,7.27,1.142,-7.247,26.52,6.298,0.157,1.21,11.143,2.002,2.906,22.845,65.9401691375,78.8867690287
2017-02-17,AXP,7.397,0.825,-1.312,25.208,6.75,0.112,0.9,13.284,2.387,3.504,21.973,79.0852013492,80.2176129562
2017-04-27,AXP,7.316,1.237,4.158,29.366,6.709,0.169,1.34,13.757,2.413,3.43,23.287,80.0283264875,85.0
2017-07-25,AXP,7.723,1.34,1.076,30.442,6.887,0.174,1.47,16.615,2.542,3.566,23.792,85.41,85.97
