datekey,ticker,revenue,netinc,ncf,cashneq,de,netmargin,eps,pe,ps,pb,bvps,P0,P1
2001-08-09,DGX,0.931589,0.025495,0.053435,0.174165,1.499,0.027,0.14,50.903,1.677,5.061,6.265,26.1760877322,28.1954824927
2001-10-31,DGX,0.903189,0.050122,0.064714,0.238879,1.36,0.055,0.27,45.7,1.758,5.027,6.655,27.6209266612,30.1261590733
2002-03-04,DGX,0.91044,0.050938,-0.116547,0.122332,1.194,0.056,0.27,43.465,1.945,5.28,6.937,30.9499707434,39.6823744462
2002-05-13,DGX,0.946762,0.066689,0.027095,0.149427,1.079,0.07,0.35,46.183,2.417,6.174,7.575,38.8670121266,24.7059007518
2002-08-13,DGX,1.06881,0.087151,-0.059587,0.08984,1.198,0.082,0.45,21.717,1.446,3.526,8.144,24.0046046634,25.9817526716
2002-10-31,DGX,1.058714,0.086617,0.024014,0.113854,1.066,0.082,0.45,21.422,1.567,3.721,8.657,26.9661020004,22.5386423582
2003-02-28,DGX,1.033765,0.081697,-0.017077,0.096777,0.879,0.079,0.42,17.226,1.351,3.137,8.409,22.2893865195,24.6594293242
2003-04-30,DGX,1.092797,0.088036,-0.04118,0.055597,0.866,0.081,0.44,18.322,1.479,2.806,11.211,25.2424345061,25.8338890385
2003-07-31,DGX,1.219935,0.120412,0.032472,0.088069,0.79,0.099,0.57,16.683,1.427,2.651,11.285,25.2466591813,28.5714785883
2003-10-31,DGX,1.221221,0.120024,0.002999,0.091068,0.789,0.098,0.57,17.145,1.54,2.953,11.363,28.5799279387,34.7770103529
2004-02-27,DGX,1.204005,0.108245,0.06389,0.154958,0.796,0.09,0.52,19.66,1.812,3.585,11.536,35.0818119044,35.7726106016
2004-04-30,DGX,1.255742,0.116149,0.035117,0.190075,0.749,0.092,0.56,18.776,1.781,3.485,12.141,35.7726106016,34.88884306
2004-07-30,DGX,1.297674,0.126829,-0.052273,0.137802,0.782,0.098,0.61,17.746,1.68,3.428,11.841,34.8718489816,37.0041257411
2004-10-29,DGX,1.289897,0.130144,0.063234,0.201036,0.774,0.101,0.65,18.404,1.755,3.576,12.236,37.2552175661,42.3847863501
2005-03-10,DGX,1.283288,0.126073,-0.127734,0.073302,0.837,0.098,0.63,20.246,1.971,4.416,11.393,42.4785674322,44.4821387187
2005-04-29,DGX,1.319485,0.131611,0.01286,0.086162,0.646,0.1,0.65,20.798,2.062,4.058,13.077,45.1781729523,44.518851729
2005-07-28,DGX,1.377529,0.149089,0.117945,0.204107,0.621,0.108,0.74,19.724,2.009,3.809,13.723,44.630063311,39.1994777265
2005-10-28,DGX,1.371821,0.135248,0.005982,0.210089,0.604,0.099,0.67,17.337,1.756,3.323,13.952,39.8508026735,45.4313400932
2006-02-28,DGX,1.434876,0.130329,-0.117959,0.09213,0.92,0.091,0.65,19.201,1.906,3.796,13.792,45.3884155466,47.9715510433
2006-04-28,DGX,1.555408,0.144636,0.064331,0.156461,0.897,0.093,0.73,19.746,1.924,3.854,14.442,47.9371443364,51.1872945155
2006-07-31,DGX,1.584335,0.131977,-0.005782,0.150679,0.877,0.083,0.67,21.859,1.993,4.083,14.661,51.7990261954,42.5031776752
2006-10-27,DGX,1.583202,0.160522,-0.045564,0.105115,0.859,0.101,0.81,17.084,1.574,3.159,15.563,42.8915315829,44.1072220359
2007-03-01,DGX,1.54927,0.149286,0.044525,0.14964,0.875,0.096,0.77,16.862,1.577,3.275,15.593,44.1591027127,42.895688753
2007-04-30,DGX,1.526208,0.105893,0.008757,0.158397,1.042,0.069,0.55,17.201,1.509,3.11,15.665,42.3585179385,48.4478376186
2007-07-31,DGX,1.641156,0.141332,-0.036099,0.122298,1.663,0.086,0.74,19.233,1.701,3.359,16.555,48.1526886347,47.1752851585
2007-10-25,DGX,1.76707,0.097965,0.042325,0.164623,1.579,0.055,0.51,21.425,1.634,3.183,17.21,47.5839926981,42.0912532852
2008-02-22,DGX,1.770473,-0.005251,0.002971,0.167594,1.577,-0.003,-0.03,26.575,1.347,2.718,17.122,40.5403853315,42.5213674596
2008-04-24,DGX,1.784637,0.139607,0.002428,0.170022,1.469,0.078,0.72,25.403,1.363,2.71,18.038,42.5388300335,47.3529766682
2008-07-24,DGX,1.837901,0.161328,-0.026624,0.143398,1.336,0.088,0.83,26.034,1.431,2.794,18.854,45.9530364858,36.9861573324
2008-10-23,DGX,1.826603,0.110742,0.143281,0.286679,1.296,0.061,0.57,19.949,1.123,2.173,19.141,36.3374311787,45.7051701189
2009-02-17,DGX,1.800306,0.169813,-0.032733,0.253946,1.331,0.094,0.87,16.557,1.328,2.671,18.916,44.3787275496,44.338817579
2009-04-24,DGX,1.808006,0.167102,-0.049725,0.204221,1.372,0.092,0.88,15.29,1.28,2.654,18.527,44.2155808416,48.9583177094
2009-07-28,DGX,1.901818,0.1882,-0.084927,0.119294,1.188,0.099,1.01,15.696,1.36,2.668,20.193,47.3798705066,49.4585372641
2009-10-27,DGX,1.897146,0.192219,0.127739,0.247033,1.132,0.101,1.03,14.473,1.402,2.653,21.136,49.6087328935,50.1695944611
2010-02-17,DGX,1.848273,0.18159,0.287223,0.534256,1.141,0.098,0.99,14.083,1.377,2.574,22.299,50.7890814275,51.2651136162
2010-04-26,DGX,1.805503,0.162448,-0.071017,0.463239,1.175,0.09,0.9,14.256,1.386,2.645,21.663,50.8839274005,40.5498605611
2010-07-27,DGX,1.874727,0.194615,-0.015351,0.447888,1.156,0.104,1.08,11.195,1.102,2.085,21.933,41.0117647778,43.9767454815
2010-10-26,DGX,1.864655,0.198075,-0.078627,0.369261,1.187,0.106,1.14,11.459,1.142,2.189,22.267,44.092450337,50.5930592107
2011-02-16,DGX,1.82404,0.165756,0.08004,0.449301,1.109,0.091,0.96,13.593,1.33,2.429,23.565,51.0478082449,50.7168677337
2011-05-10,DGX,1.821577,-0.053861,0.544941,0.994242,1.862,-0.03,-0.33,17.775,1.214,2.79,19.906,50.9133754988,49.8721654579
2011-07-27,DGX,1.903201,0.163143,-0.810024,0.184218,1.744,0.086,1.03,18.207,1.162,2.512,21.758,48.6911238647,49.8625771621
2011-11-03,DGX,1.906405,0.171848,-0.073393,0.110825,1.641,0.09,1.08,19.624,1.176,2.49,22.32,49.8446442087,51.0352497424
2012-02-16,DGX,1.879307,0.189437,0.054061,0.164886,1.516,0.101,1.2,19.358,1.213,2.467,23.323,51.7367033953,52.1240198749
2012-04-27,DGX,1.936456,0.159118,-0.019447,0.145439,1.436,0.082,1.0,13.353,1.197,2.359,24.444,51.8805339689,52.1453408877
2012-07-26,DGX,1.90681,0.177705,0.028303,0.173742,1.345,0.093,1.12,13.246,1.212,2.315,25.21,52.6789127074,52.8924630417
2012-10-24,DGX,1.851439,0.163082,0.018028,0.19177,1.228,0.088,1.02,13.474,1.226,2.227,26.27,52.9831410171,50.8566406436
2013-02-27,DGX,1.687857,0.055816,0.12105,0.295586,1.225,0.033,0.35,15.992,1.204,2.135,26.312,51.1938620959,51.777401359
2013-04-24,DGX,1.786647,0.135779,-0.152585,0.133603,1.209,0.076,0.86,16.649,1.226,2.11,26.565,51.3925755128,54.068534632
2013-07-25,DGX,1.81574,0.165468,-0.011893,0.148342,1.303,0.091,1.07,17.167,1.25,2.283,25.617,54.132989629,54.1833016446
2013-10-24,DGX,1.78714,0.405143,0.009938,0.15828,1.316,0.227,2.7,11.118,1.197,2.205,25.682,53.914975868,48.9456908773
2014-02-18,DGX,1.756473,0.14261,0.02854,0.187,1.26,0.081,0.99,8.993,1.068,1.934,27.358,49.2341540745,52.3324605808
2014-05-01,DGX,1.746,0.104,-0.043,0.144,1.385,0.06,0.72,9.896,1.138,2.026,27.722,52.3698876937,58.7856067491
2014-07-31,DGX,1.902,0.133,0.0,0.144,1.378,0.07,0.92,11.244,1.227,2.156,28.417,57.4872050636,60.2409195984
2014-10-30,DGX,1.904,0.129,0.026,0.17,1.337,0.068,0.89,18.039,1.255,2.194,28.841,60.0517207303,67.4801845146
2015-02-24,DGX,1.883,0.19,0.022,0.192,1.29,0.101,1.31,18.33,1.371,2.37,29.804,67.1284776788,69.0207369794
2015-04-30,DGX,1.839,0.061,0.782,0.974,1.495,0.033,0.42,19.997,1.363,2.418,29.465,68.2278343955,70.7439610673
2015-07-30,DGX,1.925,0.118,-0.824,0.15,1.246,0.061,0.82,21.184,1.397,2.445,29.958,70.5806909969,64.0509004311
2015-10-29,DGX,1.88,0.342,-0.027,0.123,1.188,0.182,2.37,13.472,1.273,2.087,31.868,64.5629984433,64.8297286382
2016-02-26,DGX,1.849,0.188,0.01,0.133,1.121,0.102,1.31,13.535,1.281,2.049,32.811,65.3155629355,73.9635563406
2016-04-27,DGX,1.863,0.102,-0.005,0.128,1.171,0.055,0.71,14.282,1.425,2.31,32.42,73.9830975708,83.4591413783
2016-07-25,DGX,1.906,0.195,0.155,0.283,1.221,0.102,1.38,14.196,1.566,2.588,32.407,82.91911164,83.4294067642
2016-10-21,DGX,1.885,0.192,0.123,0.406,1.175,0.102,1.37,17.139,1.546,2.488,33.547,82.5612752997,95.0395083451
2017-02-22,DGX,1.861,0.155,-0.047,0.359,1.175,0.083,1.12,20.379,1.749,2.84,33.659,94.7718472702,103.602323223
2017-04-21,DGX,1.899,0.164,0.008,0.367,1.176,0.086,1.19,20.02,1.872,3.053,33.796,102.875324319,109.44
2017-07-25,DGX,1.943,0.193,-0.053,0.314,1.158,0.099,1.4,20.961,1.945,3.142,34.285,108.18,106.97
