datekey,ticker,revenue,netinc,ncf,cashneq,de,netmargin,eps,pe,ps,pb,bvps,P0,P1
2006-05-08,EIX,2.751,0.258,0.004,1.951,3.847,0.094,0.78,,,1.896,21.163,28.8197764015,30.1017715695
2006-08-08,EIX,3.001,0.177,-0.039,1.909,3.79,0.059,0.54,,,1.921,21.73,30.1884993627,32.6858022366
2006-11-03,EIX,3.802,0.458,0.346,2.268,3.653,0.12,1.38,,,1.916,23.123,32.2348632649,34.2760582345
2007-02-28,EIX,3.067,0.288,-0.409,1.854,3.55,0.094,0.87,12.966,1.213,1.986,23.647,34.4004855226,40.5065495143
2007-05-09,EIX,2.912,0.333,-0.094,1.758,3.433,0.114,1.01,14.555,1.43,2.285,24.54,41.3090238686,41.6648620023
2007-08-09,EIX,3.047,0.093,-0.482,1.271,3.453,0.031,0.29,14.667,1.34,2.139,24.647,39.0450820469,41.972387925
2007-11-02,EIX,3.942,0.461,0.239,1.518,3.362,0.117,1.4,15.922,1.443,2.23,25.733,42.7087456079,39.1671633666
2008-02-27,EIX,3.211,0.211,-0.017,1.444,3.305,0.066,0.64,15.148,1.268,1.97,25.902,38.1872362464,38.5293403104
2008-05-08,EIX,3.083,0.299,0.104,1.548,3.334,0.097,0.91,15.81,1.266,1.983,26.018,38.8605165116,35.1728658744
2008-08-08,EIX,3.382,0.261,-0.475,1.073,3.463,0.077,0.79,12.345,1.117,1.796,25.972,35.347026459,25.3233318495
2008-11-07,EIX,4.111,0.439,2.394,3.467,3.357,0.107,1.33,9.486,0.833,1.237,28.469,26.879812626,20.9777084848
2009-03-02,EIX,3.536,0.216,0.452,3.919,3.563,0.061,0.66,6.811,0.586,0.87,29.193,19.5750843319,23.2042626147
2009-05-08,EIX,2.812,0.25,-0.373,3.546,3.427,0.089,0.76,8.458,0.713,1.01,29.963,23.5781480143,24.6219885925
2009-08-07,EIX,2.834,-0.016,-0.842,2.889,3.244,-0.006,-0.05,11.654,0.779,1.08,29.417,25.015311094,25.5445682532
2009-11-06,EIX,3.664,0.403,-0.29,2.559,3.234,0.11,1.23,12.677,0.842,1.101,30.132,26.3463088976,26.1318713807
2010-03-01,EIX,3.051,0.212,-0.738,1.742,3.093,0.069,0.65,12.787,0.878,1.103,30.187,26.684460754,26.3725596697
2010-05-07,EIX,2.81,0.236,-0.255,1.484,3.116,0.084,0.72,12.888,0.871,1.069,30.887,26.6958518508,27.5895868548
2010-08-05,EIX,2.741,0.344,-0.55,0.893,3.139,0.126,1.05,9.191,0.895,1.079,31.233,27.5079850008,29.6181040399
2010-10-29,EIX,3.788,0.51,1.141,2.024,3.199,0.135,1.56,9.234,0.97,1.131,32.62,30.3838765381,29.8959639029
2011-02-28,EIX,3.069,0.218,-0.62,1.391,3.216,0.054,0.51,9.629,0.975,1.143,32.463,30.8175001409,32.889072732
2011-05-02,EIX,2.782,0.214,-0.091,1.308,3.227,0.072,0.61,10.482,1.033,1.198,32.748,32.872322504,31.14301848
2011-08-04,EIX,2.983,0.191,-0.353,0.956,3.293,0.059,0.54,10.855,0.905,1.065,32.902,29.5976897431,34.0668388067
2011-11-02,EIX,3.981,0.441,0.439,1.399,3.234,0.107,1.31,13.47,1.017,1.184,33.788,34.0838722261,36.0441759676
2012-02-29,EIX,3.014,-0.824,0.085,1.572,3.675,-0.278,-2.57,-368.695,1.069,1.357,30.844,35.941168082,38.292472208
2012-05-02,EIX,2.856,0.112,0.014,1.67,3.781,0.033,0.28,-98.807,1.109,1.424,30.644,37.7734868155,40.6979889249
2012-07-31,EIX,3.057,0.097,-0.308,1.285,3.765,0.024,0.23,-61.162,1.166,1.513,30.506,40.2275926488,41.1642183011
2012-11-01,EIX,4.07,0.215,-0.04,1.196,3.844,0.047,0.58,-31.574,1.171,1.518,30.745,40.9799794724,40.6156938929
2013-02-26,EIX,2.062,-0.515,-0.965,0.17,3.52,-0.262,-1.65,-82.112,1.267,1.593,28.933,40.7659587017,48.032436813
2013-04-30,EIX,2.632,0.298,-0.055,0.115,3.542,0.103,0.83,-3505.729,1.483,1.834,29.31,47.872269369,44.6741889075
2013-08-01,EIX,3.046,-0.07,0.033,0.148,3.626,-0.031,-0.29,-93.977,1.377,1.738,28.696,44.7189975223,44.4339356584
2013-10-29,EIX,3.96,0.463,0.462,0.61,3.639,0.111,1.34,213.341,1.368,1.651,29.721,44.3346318607,46.8512654592
2014-02-25,EIX,2.943,0.326,-0.464,0.146,3.517,0.102,0.93,18.245,1.327,1.68,30.485,46.6147347986,52.1963917889
2014-04-29,EIX,2.926,0.202,0.003,0.149,3.546,0.06,0.54,22.497,1.435,1.851,30.61,51.9125166757,51.3940169372
2014-07-31,EIX,3.016,0.566,0.041,0.19,3.512,0.178,1.64,12.305,1.39,1.72,31.844,50.4910743664,56.4406595151
2014-10-28,EIX,4.356,0.508,-0.048,0.142,3.42,0.11,1.47,13.478,1.52,1.874,32.933,57.2658966922,61.0767282225
2015-02-24,EIX,3.115,0.448,-0.01,0.038,3.226,0.135,1.29,13.267,1.594,1.907,34.393,61.2353206129,57.2977081297
2015-04-28,EIX,2.512,0.327,-0.017,0.036,3.216,0.119,0.92,11.579,1.545,1.768,34.853,57.908157405,55.8966195239
2015-07-30,EIX,2.908,0.407,0.024,0.053,3.192,0.13,1.16,12.291,1.505,1.672,35.577,56.3223723808,61.9613652322
2015-10-27,EIX,3.763,0.449,-0.005,0.038,3.113,0.112,1.29,13.809,1.706,1.77,36.362,61.3231774581,61.6760210461
2016-02-23,EIX,2.341,-0.05,0.027,0.161,3.247,-0.034,-0.24,20.756,1.837,1.862,34.871,62.3864857966,68.3396820287
2016-05-02,EIX,2.44,0.301,-0.024,0.137,3.219,0.111,0.83,23.464,2.032,2.035,35.089,69.0452112025,73.935469486
2016-07-28,EIX,2.777,0.307,-0.026,0.111,3.24,0.099,0.85,28.018,2.2,2.155,35.451,74.3536785346,71.9305628229
2016-11-01,EIX,3.767,0.45,-0.027,0.084,3.179,0.111,1.29,26.631,2.086,1.999,36.239,70.9712276083,75.3005790516
2017-02-21,EIX,2.884,0.377,0.012,0.096,3.095,0.12,1.06,19.191,2.12,2.097,36.798,76.1685972539,79.4177673496
2017-05-01,EIX,2.463,0.393,0.054,0.15,3.111,0.147,1.11,18.401,2.171,2.142,36.966,78.6928083629,78.91
2017-07-27,EIX,2.965,0.309,-0.052,0.039,2.975,0.094,0.85,18.371,2.137,2.069,38.267,79.22,79.29
