datekey,ticker,revenue,netinc,ncf,cashneq,de,netmargin,eps,pe,ps,pb,bvps,P0,P1
2001-07-24,FISV,0.472646,0.051989,-0.004183,0.077963,2.598,0.11,0.14,37.705,4.088,5.25,3.688,19.3233333333,17.96
2001-10-23,FISV,0.467173,0.052629,0.014788,0.092751,2.69,0.113,0.14,35.663,3.891,5.021,3.789,19.005,21.085
2002-02-27,FISV,0.496736,0.052834,0.043337,0.136088,2.316,0.106,0.14,38.078,4.194,4.94,4.267,20.805,21.15
2002-04-23,FISV,0.631928,0.065113,0.002607,0.138695,2.248,0.103,0.17,36.776,3.957,4.845,4.43,21.4,15.7
2002-07-23,FISV,0.632426,0.066645,0.049634,0.188329,2.18,0.105,0.17,24.743,2.634,3.347,4.581,15.265,16.01
2002-10-22,FISV,0.635672,0.066151,0.02964,0.217969,2.202,0.104,0.17,22.352,2.338,3.168,4.606,14.645,15.54
2003-02-28,FISV,0.668861,0.068228,0.00927,0.227239,2.523,0.102,0.18,23.013,2.384,3.351,4.774,15.95,16.84
2003-04-23,FISV,0.707498,0.074188,-0.045078,0.182161,2.362,0.105,0.2,22.33,2.324,3.182,5.026,15.905,18.805
2003-07-23,FISV,0.738615,0.078438,0.108988,0.291149,2.277,0.106,0.2,26.235,2.737,3.724,5.23,19.45,17.989
2003-10-22,FISV,0.796052,0.080412,-0.089447,0.201702,2.412,0.101,0.21,22.311,2.309,3.198,5.428,17.34,19.2
2004-02-27,FISV,0.791505,0.081974,0.001066,0.202768,2.279,0.104,0.21,23.821,2.474,3.411,5.672,19.28,17.53
2004-04-22,FISV,0.93748,0.092798,0.005578,0.208346,2.431,0.099,0.24,23.871,2.44,3.446,5.94,20.425,17.895
2004-07-22,FISV,0.94602,0.095034,0.024386,0.232732,2.313,0.1,0.24,19.237,1.941,2.787,6.196,17.25,17.7
2004-10-22,FISV,0.958094,0.092357,0.21733,0.450062,2.278,0.096,0.23,18.416,1.836,2.65,6.442,17.05,18.77
2005-02-25,FISV,0.888152,0.097453,0.106165,0.516127,2.269,0.11,0.25,19.447,1.969,2.864,6.576,19.0,20.8
2005-04-29,FISV,0.973114,0.139026,0.203601,0.719728,1.512,0.143,0.36,19.09,2.149,3.133,6.678,21.15,22.23
2005-07-29,FISV,0.996426,0.113997,-0.153149,0.566579,1.322,0.114,0.3,18.849,2.187,3.254,6.719,22.185,21.29
2005-10-28,FISV,1.011645,0.112939,-0.392566,0.174013,1.447,0.112,0.3,17.123,2.051,3.177,6.664,21.505,21.13
2006-03-15,FISV,1.078293,0.150476,0.010458,0.184471,1.449,0.14,0.41,14.704,1.871,3.08,6.716,21.22,22.8
2006-04-28,FISV,1.096668,0.116211,0.020304,0.204775,1.555,0.106,0.33,16.042,1.893,3.323,6.644,22.535,21.6
2006-07-28,FISV,1.093197,0.117669,-0.052796,0.151979,1.701,0.108,0.34,15.283,1.776,3.173,6.84,21.81,24.5
2006-11-02,FISV,1.156545,0.110088,0.018918,0.170897,1.519,0.095,0.32,17.183,1.92,3.472,7.056,24.53,26.44
2007-02-28,FISV,1.197741,0.105946,0.014431,0.185328,1.559,0.088,0.31,20.08,1.988,3.725,7.048,26.48,26.44
2007-05-03,FISV,1.219419,0.113563,0.015467,0.200795,1.619,0.093,0.34,19.866,1.904,3.657,7.145,26.415,24.75
2007-08-03,FISV,1.180136,0.108236,-0.013327,0.15158,1.698,0.092,0.33,18.005,1.658,3.296,7.145,23.89,26.47
2007-11-08,FISV,1.173747,0.120875,0.00967,0.16125,1.636,0.103,0.36,18.867,1.774,3.553,7.232,25.705,27.105
2008-02-28,FISV,0.383136,0.096326,0.26219,0.297,3.802,0.251,0.3,19.801,2.216,3.524,7.508,26.435,25.77
2008-05-09,FISV,1.31,0.329,0.259,0.371,2.908,0.251,1.0,12.813,2.072,3.115,8.207,25.575,25.18
2008-08-07,FISV,1.295,0.099,-0.296,0.211,2.547,0.076,0.3,12.699,1.969,2.877,8.715,24.975,17.09
2008-11-06,FISV,1.08,0.078,0.185,0.472,2.455,0.072,0.24,8.711,1.29,1.891,8.538,16.38,16.37
2009-02-27,FISV,1.061,0.062,-0.326,0.232,2.597,0.058,0.2,8.943,1.074,1.962,8.204,16.31,19.975
2009-05-07,FISV,1.044,0.103,0.077,0.312,2.448,0.099,0.33,18.021,1.376,2.276,8.707,19.805,23.925
2009-08-06,FISV,1.032,0.14,0.817,0.309,2.24,0.136,0.45,19.013,1.727,2.568,9.148,23.585,23.85
2009-11-06,FISV,0.992,0.115,-0.093,0.278,2.121,0.116,0.38,17.434,1.773,2.513,9.467,23.79,23.965
2010-02-26,FISV,1.062,0.118,-0.706,0.363,1.769,0.111,0.39,15.427,1.801,2.427,9.85,24.105,25.475
2010-05-06,FISV,1.008,0.121,0.053,0.416,1.665,0.12,0.4,15.978,1.928,2.531,10.223,25.86,25.3
2010-08-05,FISV,1.022,0.127,-0.078,0.338,1.622,0.124,0.42,15.878,1.87,2.447,10.307,25.44,27.87
2010-11-05,FISV,1.025,0.132,0.405,0.743,1.669,0.129,0.44,16.658,2.015,2.57,10.782,27.89,30.855
2011-02-24,FISV,1.078,0.116,-0.18,0.563,1.565,0.108,0.4,18.263,2.192,2.805,10.909,31.005,31.13
2011-05-04,FISV,1.048,0.112,-0.046,0.517,1.631,0.107,0.39,18.224,2.127,2.828,10.754,30.9,29.93
2011-08-02,FISV,1.065,0.09,0.158,0.675,1.721,0.085,0.32,18.207,1.943,2.655,10.828,28.94,28.565
2011-11-02,FISV,1.063,0.127,-0.394,0.281,1.681,0.119,0.45,17.967,1.879,2.537,11.169,28.38,32.92
2012-02-24,FISV,1.161,0.143,0.056,0.337,1.624,0.123,0.51,19.634,2.137,2.845,11.57,33.435,35.375
2012-05-02,FISV,1.108,0.132,-0.026,0.311,1.639,0.119,0.47,19.371,2.168,2.964,11.59,34.915,36.125
2012-07-31,FISV,1.1,0.161,-0.009,0.302,1.587,0.146,0.59,16.9,2.147,2.925,11.951,35.065,37.625
2012-10-31,FISV,1.118,0.139,0.005,0.307,1.595,0.124,0.52,17.377,2.227,3.067,12.076,37.43,39.75
2013-02-22,FISV,1.156,0.179,0.051,0.358,1.487,0.155,0.67,17.532,2.39,3.135,12.807,40.12,45.555
2013-05-01,FISV,1.152,0.117,0.036,0.356,1.735,0.102,0.44,19.423,2.558,3.31,13.107,43.465,46.255
2013-07-31,FISV,1.198,0.151,-0.042,0.32,1.724,0.126,0.57,21.365,2.708,3.615,13.068,48.12,53.32
2013-10-30,FISV,1.201,0.159,-0.004,0.321,1.733,0.132,0.61,22.387,2.882,3.921,13.318,52.595,56.97
2014-02-20,FISV,1.263,0.221,0.052,0.4,1.654,0.175,0.85,22.456,3.023,4.059,13.917,57.18,57.5
2014-04-30,FISV,1.234,0.168,-0.093,0.307,1.751,0.136,0.66,21.671,3.094,4.4,13.534,60.78,62.36
2014-07-30,FISV,1.253,0.166,0.022,0.329,1.706,0.132,0.66,21.833,3.149,4.486,13.939,62.55,67.26
2014-10-29,FISV,1.263,0.239,0.08,0.409,1.726,0.189,0.96,20.799,3.294,4.77,13.982,67.69,79.05
2015-02-20,FISV,1.316,0.181,-0.115,0.294,1.834,0.138,0.74,25.025,3.725,5.726,13.565,79.05,77.48
2015-05-06,FISV,1.275,0.178,0.002,0.296,1.901,0.14,0.75,24.451,3.658,5.805,13.476,78.89,87.81
2015-07-30,FISV,1.298,0.127,0.234,0.53,2.051,0.098,0.54,28.337,3.988,6.537,13.29,87.58,95.43
2015-10-28,FISV,1.313,0.218,-0.221,0.309,2.272,0.166,0.94,31.356,4.243,7.694,12.319,96.59,96.32
2016-02-19,FISV,1.368,0.189,-0.034,0.275,2.511,0.138,0.82,30.262,4.101,8.1,11.687,96.65,99.25
2016-05-06,FISV,1.331,0.289,0.008,0.283,2.559,0.217,1.3,27.728,4.298,8.502,12.009,102.64,109.41
2016-08-03,FISV,1.363,0.212,-0.02,0.263,2.607,0.156,0.95,25.286,4.272,8.69,11.901,104.45,99.99
2016-10-27,FISV,1.38,0.214,0.04,0.303,2.751,0.155,0.98,23.23,3.859,8.175,11.72,96.75,113.82
2017-02-23,FISV,1.431,0.215,-0.003,0.3,2.834,0.15,0.99,26.509,4.478,9.702,11.742,114.9,119.99
2017-04-27,FISV,1.394,0.247,0.008,0.308,3.0,0.177,1.15,28.673,4.573,10.504,11.301,119.89,129.27
2017-08-02,FISV,1.386,0.221,-0.009,0.299,3.051,0.159,1.05,29.087,4.667,10.912,11.289,123.97,123.08
