datekey,ticker,revenue,netinc,ncf,cashneq,de,netmargin,eps,pe,ps,pb,bvps,P0,P1
2001-08-14,IBM,21.568,2.045,-0.102,3.691,2.716,0.095,1.17,21.935,2.049,8.164,12.997,80.2278807431,88.2684251748
2001-11-14,IBM,20.428,1.595,0.024,3.715,2.872,0.078,0.92,24.485,2.222,8.963,12.69,86.490954745,79.5913273971
2002-03-11,IBM,22.826,2.333,2.615,6.33,2.74,0.102,1.35,23.427,2.104,7.652,13.754,79.7049319181,64.8572091234
2002-05-15,IBM,18.551,1.192,-2.497,3.833,2.603,0.064,0.69,20.203,1.735,6.275,13.414,64.1136426173,54.5729546493
2002-08-13,IBM,19.651,0.056,-0.38,3.453,2.936,0.003,0.03,23.536,1.496,5.694,12.548,54.6718049224,61.1350920134
2002-11-04,IBM,19.821,1.313,1.763,5.216,2.8,0.066,0.78,28.49,1.725,6.311,13.068,62.7319041182,59.4579343821
2003-03-10,IBM,23.684,1.018,0.166,5.382,3.235,0.043,0.6,36.514,1.61,5.736,13.408,57.7787629362,68.8048829976
2003-05-14,IBM,20.065,1.384,-1.187,4.195,2.895,0.069,0.8,40.645,1.842,6.237,14.243,67.8261071559,62.2156639292
2003-08-14,IBM,21.631,1.705,0.647,4.842,2.648,0.079,0.99,26.036,1.656,5.31,15.362,62.491496922,67.746165863
2003-11-10,IBM,21.522,1.785,0.609,5.451,2.557,0.083,1.04,26.265,1.781,5.663,15.863,69.0433675433,74.152325988
2004-03-08,IBM,25.913,2.709,1.839,7.29,2.749,0.105,1.58,21.198,1.803,5.769,16.308,72.7223277885,68.0709895591
2004-05-07,IBM,22.25,1.602,0.16,7.45,2.613,0.072,0.95,19.053,1.628,5.273,16.661,67.9400245498,66.8460815306
2004-07-30,IBM,23.153,1.988,0.265,7.715,2.454,0.086,1.18,18.043,1.571,5.059,17.165,67.077196253,69.4839159295
2004-10-28,IBM,23.429,1.8,1.463,9.178,2.39,0.077,1.08,18.396,1.573,5.016,17.79,69.0978941743,69.2909050519
2004-11-01,IBM,23.429,1.8,1.463,9.178,2.39,0.077,1.08,18.522,1.583,5.05,17.79,69.5688407156,71.3785179098
2005-02-24,IBM,27.461,3.04,0.875,10.053,2.67,0.111,1.82,17.941,1.571,5.084,17.931,71.797023878,57.8235746064
2005-04-26,IBM,22.908,1.402,-1.416,8.637,2.506,0.061,0.86,14.786,1.255,4.067,18.37,58.4590836692,65.4293452414
2005-07-26,IBM,22.27,1.829,0.011,8.648,2.432,0.082,1.14,16.632,1.397,4.456,18.782,65.3671795927,65.0177028999
2005-10-25,IBM,21.529,1.516,-0.396,8.252,2.341,0.07,0.95,16.909,1.398,4.355,19.0,64.9320200519,63.1124263145
2006-02-28,IBM,24.427,3.187,4.316,12.568,2.195,0.13,2.01,15.851,1.38,3.8,20.966,62.8071572302,64.2708833521
2006-04-25,IBM,20.659,1.708,-3.433,9.135,2.131,0.083,1.09,15.555,1.442,3.916,20.921,64.7092184474,59.6957820417
2006-07-25,IBM,21.89,2.022,-2.035,7.1,2.081,0.092,1.31,13.695,1.305,3.442,21.812,59.6172246236,72.1662981983
2006-10-31,IBM,22.617,2.222,1.384,8.484,2.041,0.098,1.47,15.218,1.552,4.061,22.633,72.8209214498,76.9119358868
2007-02-27,IBM,26.258,3.54,-0.462,8.022,2.621,0.135,2.33,14.903,1.547,4.962,18.91,74.5706892573,75.5627429139
2007-04-24,IBM,22.029,1.844,-1.07,6.953,2.654,0.084,1.23,15.189,1.576,5.259,18.546,78.1658917087,91.2399598707
2007-07-31,IBM,23.772,2.26,0.058,7.01,5.12,0.095,1.57,15.257,1.59,8.984,11.659,88.156667479,91.7868607456
2007-10-30,IBM,24.119,2.361,2.285,9.295,4.286,0.098,1.72,15.717,1.635,7.654,14.982,91.2431755077,88.6710565922
2008-02-26,IBM,28.866,3.952,5.696,14.991,3.23,0.137,2.82,15.199,1.603,5.562,20.568,92.1347697403,98.0230820922
2008-04-29,IBM,24.502,2.319,-4.205,10.786,3.241,0.095,1.68,15.491,1.666,5.873,20.772,98.9574791275,102.105832043
2008-07-29,IBM,26.82,2.765,-1.16,9.626,3.278,0.103,2.02,15.176,1.658,6.119,20.687,103.246182326,64.6751500343
2008-10-28,IBM,25.302,2.824,0.129,9.755,3.212,0.112,2.09,9.887,1.112,4.261,20.374,70.8617511297,69.2597166386
2009-02-24,IBM,27.007,4.427,2.986,12.741,7.134,0.164,3.28,9.398,1.119,8.609,10.056,70.9261528692,82.0494094823
2009-04-28,IBM,21.711,2.295,-0.447,12.294,6.489,0.106,1.71,10.942,1.336,9.904,10.118,83.6830095311,97.0706452609
2009-07-28,IBM,23.25,3.103,-0.616,11.678,5.734,0.133,2.34,12.154,1.581,9.996,11.598,96.7818182113,99.5816183306
2009-10-27,IBM,23.566,3.214,-2.147,9.532,4.63,0.136,2.44,12.155,1.659,8.615,13.937,100.029325215,106.114774454
2010-02-23,IBM,27.23,4.813,2.652,12.183,3.811,0.177,3.65,12.236,1.715,7.257,17.171,105.788524851,109.360539727
2010-04-27,IBM,22.857,2.601,0.289,12.472,3.77,0.114,2.0,12.031,1.705,7.497,16.933,107.762753213,107.983223898
2010-07-27,IBM,23.724,3.386,-2.147,10.325,3.905,0.143,2.65,11.577,1.666,7.704,16.47,108.168227475,118.182343103
2010-10-26,IBM,24.271,3.589,-0.466,9.859,3.814,0.148,2.86,12.146,1.782,7.859,17.717,118.883797227,140.476498091
2011-02-22,IBM,29.018,5.257,0.802,10.661,3.917,0.181,4.2,13.315,1.978,8.57,18.582,138.013642719,142.888221517
2011-04-26,IBM,24.607,2.863,2.102,12.763,3.978,0.116,2.34,13.519,2.008,9.002,18.549,143.587024771,157.244169397
2011-07-26,IBM,26.666,3.664,-1.048,11.714,3.903,0.137,3.04,14.211,2.089,9.447,19.196,156.5850621,156.70689324
2011-10-25,IBM,26.157,3.839,-0.411,11.303,3.938,0.147,3.23,13.607,1.997,9.536,18.754,155.081784717,171.188461208
2012-02-28,IBM,29.486,5.49,0.619,11.922,4.777,0.186,4.65,14.468,2.146,11.391,17.18,171.578451627,172.133104668
2012-04-24,IBM,24.673,3.066,-0.087,11.835,4.568,0.124,2.65,14.366,2.156,11.144,17.86,173.329075288,171.17091151
2012-07-31,IBM,25.783,3.881,-0.971,10.864,4.556,0.151,3.38,13.76,2.111,10.94,17.817,170.561700416,168.921530693
2012-10-30,IBM,24.747,3.824,1.045,11.909,4.369,0.155,3.36,13.43,2.086,10.138,18.942,170.022793841,174.128151884
2013-02-26,IBM,29.304,5.833,-1.498,10.412,5.314,0.199,5.15,13.367,2.124,11.768,16.767,175.565187414,175.574003583
2013-04-30,IBM,23.408,3.032,0.173,10.585,5.135,0.13,2.72,13.553,2.175,11.763,17.143,178.562684839,173.60723734
2013-07-31,IBM,24.924,3.226,-1.027,9.558,5.478,0.129,2.93,13.425,2.087,12.033,16.129,172.748102499,157.87136075
2013-10-29,IBM,23.72,4.041,0.514,10.072,4.922,0.17,3.7,12.259,1.951,9.949,18.221,162.117463883,165.060029016
2014-02-25,IBM,27.699,6.184,0.644,10.716,4.532,0.223,5.71,11.576,1.913,8.372,21.25,164.862082947,173.778653607
2014-04-29,IBM,22.484,2.384,-1.307,9.409,6.377,0.106,2.3,12.472,1.998,11.892,16.042,175.55117068,177.177616616
2014-07-29,IBM,24.364,4.137,0.307,9.715,6.146,0.17,4.14,11.591,1.975,11.17,17.384,176.082586909,147.356111621
2014-10-28,IBM,22.397,0.018,-0.155,9.561,7.332,0.001,0.02,12.726,1.67,11.358,14.373,148.93099315,150.361236496
2015-02-24,IBM,24.113,5.483,-1.085,8.476,8.891,0.227,5.49,13.552,1.756,13.728,11.983,152.13334118,157.578871199
2015-04-28,IBM,19.59,2.328,0.319,8.796,8.216,0.119,2.36,14.313,1.893,14.106,12.287,160.523149293,147.939415456
2015-07-28,IBM,20.813,3.449,-0.402,8.393,7.227,0.166,3.51,13.901,1.804,11.457,13.931,148.850842043,134.718815655
2015-10-27,IBM,19.28,2.95,1.087,9.48,7.161,0.153,3.03,9.412,1.596,10.06,13.633,129.279799013,127.920294485
2016-02-23,IBM,22.059,4.463,-1.794,7.686,6.736,0.202,4.59,9.645,1.556,8.92,14.709,126.610204005,142.302601646
2016-04-26,IBM,18.684,2.014,6.668,14.354,6.954,0.108,2.09,11.115,1.77,9.589,15.519,142.560794661,157.015776167
2016-07-26,IBM,20.238,2.504,-4.338,10.017,6.494,0.124,2.62,12.988,1.931,9.849,16.433,156.504135458,146.610067013
2016-10-25,IBM,19.226,2.853,-0.978,9.039,5.788,0.148,2.99,12.123,1.789,8.434,17.83,146.911914132,177.658590565
2017-02-28,IBM,21.77,4.501,-1.212,7.826,5.43,0.207,4.73,14.286,2.122,9.296,19.235,178.074513687,159.189623374
2017-04-25,IBM,18.155,1.75,2.27,10.096,5.404,0.096,1.86,12.981,1.898,8.222,19.447,158.833117841,145.99
2017-07-25,IBM,19.289,2.331,1.6,11.696,5.535,0.121,2.49,11.914,1.737,7.397,19.702,146.19,145.16
