datekey,ticker,revenue,netinc,ncf,cashneq,de,netmargin,eps,pe,ps,pb,bvps,P0,P1
2006-06-23,IVZ,,,,0.754754,1.096,,,33.092,3.232,1.944,8.833,12.8234123692,17.2555686039
2007-04-10,IVZ,,,,0.7896,1.175,,,19.656,3.99,2.256,10.266,17.4286510626,21.2341288094
2007-11-09,IVZ,0.7203,0.1706,,1.1024,1.134,0.237,0.42,,,2.267,12.481,20.6687004064,20.638136709
2008-02-29,IVZ,1.7654,0.1802,-0.1663,0.9524,0.791,0.102,0.45,16.149,2.804,1.651,15.516,19.5684072979,21.1534002001
2008-05-09,IVZ,0.9104,0.1552,-0.133,0.8514,0.796,0.17,0.4,,,1.623,16.943,21.2151169039,18.4801611366
2008-08-08,IVZ,0.9356,0.1628,-0.1487,0.6939,0.688,0.174,0.42,14.457,2.232,1.447,17.279,19.3550074745,10.1113708641
2008-11-07,IVZ,0.8272,0.1318,0.1328,0.8316,0.657,0.159,0.34,8.659,1.229,0.857,16.536,11.0129227628,9.69008353761
2009-02-27,IVZ,0.6344,0.0319,-0.0904,0.6582,0.556,0.05,0.09,8.979,1.308,0.76,15.035,9.04144121101,12.5456918291
2009-05-08,IVZ,0.5486,0.0307,-0.2442,0.3921,0.525,0.056,0.08,17.934,2.175,1.143,14.646,13.2417957894,15.6618707343
2009-07-31,IVZ,0.6251,0.0757,0.4635,0.8651,0.52,0.121,0.18,30.422,3.118,1.265,15.612,15.7255692426,17.2846104051
2009-10-30,IVZ,0.7058,0.1052,0.1057,0.9621,0.524,0.149,0.24,37.243,3.607,1.348,15.688,16.9323534075,15.963103583
2010-02-26,IVZ,0.7478,0.1109,-0.1654,0.79,0.476,0.148,0.26,26.235,3.22,1.224,16.014,15.8418648216,18.9132467768
2010-05-04,IVZ,0.7191,0.095,-0.1522,0.9288,1.204,0.132,0.22,25.39,3.51,1.345,16.739,18.1938967925,15.8868715035
2010-08-02,IVZ,0.787,0.0408,-0.036,0.8573,1.244,0.052,0.09,26.766,3.182,1.162,17.322,16.3584367784,18.7057711247
2010-11-02,IVZ,0.9531,0.1547,0.0888,0.9816,1.361,0.162,0.32,26.971,3.376,1.328,17.639,19.1638048733,21.1551709567
2011-02-25,IVZ,1.0285,0.1752,0.0749,1.3772,1.341,0.17,0.37,26.099,3.485,1.471,17.952,21.7907340327,20.6104026059
2011-04-29,IVZ,1.0273,0.1775,-0.2805,1.1287,1.407,0.173,0.38,20.963,3.027,1.379,18.035,20.5278619467,18.5559567389
2011-07-29,IVZ,1.07,0.183,0.1469,1.2437,1.431,0.171,0.39,14.485,2.452,1.221,18.161,18.3983513844,17.4633430948
2011-10-28,IVZ,0.9978,0.1669,0.1541,1.1137,1.355,0.167,0.36,13.416,2.286,1.186,17.626,17.4675219278,21.0858160115
2012-02-24,IVZ,0.9971,0.2023,-0.0297,1.1097,1.257,0.203,0.45,15.212,2.713,1.367,18.198,21.0266574095,21.2801942754
2012-05-02,IVZ,1.0337,0.1939,-0.144,1.069,1.245,0.188,0.43,14.869,2.707,1.354,18.277,20.9167914343,18.8488157658
2012-08-01,IVZ,1.009,0.1539,0.1312,1.0989,1.163,0.153,0.34,13.599,2.415,1.194,18.341,18.652917545,20.8041879568
2012-10-31,IVZ,1.009,0.1539,0.1312,1.0989,1.163,0.153,0.34,15.102,2.682,1.326,18.341,20.8642412828,20.8642412828
2012-11-01,IVZ,1.0414,0.1706,0.1486,1.4328,1.042,0.164,0.38,15.243,2.692,1.321,18.726,21.2245612392,22.8723410863
2013-02-22,IVZ,1.0929,0.1587,-0.0448,1.1233,1.015,0.145,0.36,17.316,2.807,1.41,18.862,23.1245456078,25.8379183906
2013-04-30,IVZ,1.1418,0.2222,0.0806,1.649,1.183,0.195,0.5,20.007,3.294,1.722,18.433,27.603350041,28.2205146633
2013-07-31,IVZ,1.1355,0.2026,0.0358,1.2768,1.149,0.178,0.45,18.902,3.231,1.746,18.438,28.1767483565,29.0147258424
2013-11-06,IVZ,1.1718,0.2281,0.2191,1.6195,1.131,0.195,0.51,18.057,3.227,1.718,19.245,29.1469716302,30.0969488628
2014-02-21,IVZ,1.2251,0.2874,0.1455,1.9148,1.226,0.235,0.64,15.45,3.128,1.731,19.376,29.9629464191,31.4548402926
2014-05-01,IVZ,1.2695,0.1878,-0.3554,1.7587,1.369,0.148,0.43,17.204,3.246,1.882,19.136,32.1784534888,34.5276717472
2014-07-31,IVZ,1.2899,0.2745,0.2047,1.4884,1.219,0.213,0.63,16.612,3.277,1.9,19.807,33.8529517417,35.1623133389
2014-10-30,IVZ,1.311,0.256,0.1946,1.5912,1.28,0.195,0.59,16.998,3.355,2.029,19.553,35.9227753164,35.9168144996
2015-02-20,IVZ,1.2767,0.2698,0.1918,1.9182,1.342,0.211,0.62,17.389,3.338,2.064,19.398,36.6960205314,37.3468867462
2015-04-30,IVZ,1.2916,0.2596,-0.2439,1.6136,1.6,0.201,0.6,16.832,3.451,2.209,18.753,37.9702515716,34.8008517942
2015-07-30,IVZ,1.3181,0.2573,0.2006,1.7805,1.638,0.195,0.6,16.031,3.216,2.007,19.426,35.9821058461,31.930017355
2015-10-29,IVZ,1.2735,0.2493,0.1628,2.1782,1.968,0.196,0.58,13.702,2.751,1.754,19.093,31.1306049845,25.6052987299
2016-02-19,IVZ,1.2397,0.2019,0.2925,2.2147,2.056,0.163,0.48,11.313,2.138,1.389,18.936,24.9045620043,30.9933959848
2016-04-28,IVZ,1.1487,0.161,-0.3888,1.6223,1.808,0.14,0.38,15.112,2.638,1.662,18.942,29.8191884987,27.3531245991
2016-07-28,IVZ,1.1894,0.2255,0.0434,1.7041,2.019,0.19,0.54,14.152,2.444,1.548,18.677,27.6495058863,28.6626685443
2016-10-27,IVZ,1.2016,0.2412,0.1522,1.8963,2.064,0.201,0.58,14.325,2.487,1.536,18.938,28.0739740051,33.0540544676
2017-02-23,IVZ,1.1947,0.2265,-0.198,2.0702,2.377,0.19,0.55,15.601,2.815,1.776,18.581,32.7071603427,32.152129743
2017-04-27,IVZ,1.1926,0.212,0.0546,1.9327,2.422,0.178,0.52,14.886,2.82,1.758,18.835,32.8260954712,36.44
2017-07-27,IVZ,1.2544,0.2396,0.2074,1.9742,2.477,0.191,0.58,16.129,3.061,1.86,19.594,34.6,34.57
