datekey,ticker,revenue,netinc,ncf,cashneq,de,netmargin,eps,pe,ps,pb,bvps,P0,P1
2001-08-13,LLY,3.0335,0.8277,-0.2595,2.9718,1.311,0.273,0.77,27.727,7.584,13.039,6.017,45.5998922304,45.6231396901
2001-11-13,LLY,2.8744,0.5701,-0.3255,2.6463,1.226,0.198,0.53,29.873,7.594,12.051,6.553,46.0590295598,44.3784700937
2002-03-28,LLY,2.8289,0.5754,0.056,0.0,1.313,0.203,0.54,30.809,7.42,12.057,6.32,44.6244315273,37.8956294506
2002-05-13,LLY,2.5611,0.6292,0.1786,2.8809,1.215,0.246,0.58,27.898,6.426,9.428,6.85,38.0010414935,33.1346956721
2002-08-14,LLY,2.7752,0.6585,0.1703,3.0512,1.265,0.237,0.61,26.891,5.927,8.446,6.895,34.4600834989,36.773595286
2002-11-12,LLY,2.7856,0.6839,-0.265,2.7862,1.29,0.246,0.64,27.077,6.298,8.348,7.354,36.3239101305,33.9730196424
2003-03-20,LLY,2.9556,0.7363,-0.8403,1.9459,1.302,0.249,0.68,23.478,5.739,7.684,7.37,33.8713398301,38.4947807074
2003-05-08,LLY,2.8894,0.407,0.2582,2.2041,1.251,0.141,0.38,28.887,6.295,8.227,7.768,38.2256282631,38.3662170565
2003-08-06,LLY,3.0882,0.6922,-0.1668,2.0373,1.309,0.224,0.64,28.044,6.029,8.135,7.737,37.843123359,39.3103362216
2003-11-12,LLY,3.1394,0.7144,0.8788,2.9161,1.193,0.228,0.66,29.148,6.157,7.836,8.447,40.2140568528,43.2986637613
2004-03-15,LLY,3.4655,0.7472,-0.1598,2.7563,1.22,0.216,0.7,30.717,6.252,8.056,8.65,42.5356110375,46.5523205757
2004-05-07,LLY,3.3769,0.4004,-0.3459,2.4104,1.122,0.119,0.37,33.409,6.529,8.082,9.348,46.1189066286,39.0417753295
2004-08-05,LLY,3.5563,0.6569,-0.0137,2.3967,1.169,0.185,0.61,27.563,5.128,6.613,9.287,37.6677992613,35.3584506533
2004-11-05,LLY,3.2804,0.7552,0.1807,2.5774,1.138,0.23,0.7,25.465,4.765,5.763,9.994,35.5311716265,35.8277684496
2005-03-08,LLY,3.6443,-0.0024,2.7879,5.3653,1.277,-0.001,0.0,35.507,4.638,5.886,9.64,35.4652404367,37.6654104461
2005-05-05,LLY,3.4974,0.7366,0.2424,5.6077,1.004,0.211,0.68,31.908,4.899,5.905,10.236,37.7779191398,35.2353960806
2005-08-03,LLY,3.6677,-0.252,-0.9653,4.6424,1.281,-0.069,-0.23,50.341,4.421,6.066,9.057,34.5622685354,31.6140358459
2005-11-03,LLY,3.6011,0.7944,0.3273,4.9697,1.179,0.221,0.73,44.66,3.956,5.009,10.015,31.7787582771,35.7549811897
2006-03-01,LLY,3.8791,0.7006,-1.963,3.0067,1.278,0.181,0.64,31.903,4.312,5.852,9.551,35.9285490595,33.6207392345
2006-05-02,LLY,3.7147,0.8348,-0.5484,2.4583,1.065,0.225,0.77,28.245,3.949,5.019,10.348,33.3828869684,36.6955856466
2006-08-04,LLY,3.8669,0.822,0.2114,2.6697,1.049,0.213,0.76,20.181,4.223,5.332,10.552,36.4558722517,36.7893915149
2006-11-03,LLY,3.8641,0.8736,-0.4998,2.1699,0.832,0.226,0.8,19.641,4.141,4.861,11.537,36.6001255305,35.1187636788
2007-02-28,LLY,4.2453,0.1323,0.9394,3.1093,0.999,0.031,0.12,22.398,3.801,5.431,9.683,34.847090224,39.2004916838
2007-05-03,LLY,4.2261,0.5087,-0.6179,2.4914,1.058,0.12,0.47,28.703,4.139,5.815,10.171,39.1872393201,36.1284104153
2007-08-06,LLY,4.631,0.6636,-0.2709,2.2205,1.081,0.143,0.61,29.276,3.759,5.516,10.191,37.5233555061,35.4163862477
2007-11-05,LLY,4.5868,0.9263,0.275,2.4955,0.929,0.202,0.85,26.521,3.345,4.57,11.414,35.0734518071,34.8451930418
2008-02-29,LLY,5.1896,0.8544,0.725,3.2205,0.96,0.165,0.78,19.259,3.052,4.162,12.018,34.2225909277,33.517887436
2008-05-06,LLY,4.8076,1.0643,-0.0751,3.1454,0.826,0.221,0.97,15.798,2.885,3.717,13.114,33.3536846807,33.0200604231
2008-08-06,LLY,5.1504,0.9588,-0.2771,2.8683,0.883,0.186,0.88,14.347,2.765,3.703,12.963,33.1651579893,23.5946283202
2008-11-03,LLY,5.2095,-0.4656,1.4853,4.3536,1.016,-0.089,-0.43,16.032,1.899,2.814,12.086,23.7271824119,22.2665289984
2009-02-27,LLY,5.2105,-3.6294,1.1431,5.4967,3.337,-0.697,-3.31,-16.293,1.657,5.012,5.862,21.0757288006,23.6151460898
2009-05-01,LLY,5.047,1.3131,-2.1836,3.3131,2.444,0.26,1.2,-21.107,1.866,4.984,6.72,24.0240353143,25.4936018199
2009-07-31,LLY,5.2928,1.1585,0.0092,3.3223,2.145,0.219,1.06,-24.695,1.931,4.682,7.453,25.3772258915,25.201098661
2009-10-30,LLY,5.562,0.9418,0.5259,3.8482,1.739,0.169,0.86,-180.918,1.851,3.945,8.62,25.1051366568,25.9937369839
2010-02-22,LLY,5.9342,0.9154,0.6147,4.4629,1.883,0.154,0.83,9.182,1.82,4.174,8.259,26.1683444461,26.6010672872
2010-04-30,LLY,5.4855,1.2481,0.2623,4.7252,1.6,0.228,1.13,9.458,1.81,3.855,9.071,26.5479258857,27.2914798697
2010-07-30,LLY,5.7487,1.3489,0.4383,5.1635,1.708,0.235,1.22,9.216,1.806,4.008,8.881,27.4069586279,27.4217224608
2010-10-29,LLY,5.6548,1.3029,0.7453,5.9088,1.41,0.23,1.18,8.43,1.778,3.27,10.765,27.4607291784,27.7591710384
2011-02-22,LLY,6.187,1.1696,0.0844,5.9932,1.497,0.189,1.05,7.862,1.727,3.209,10.729,27.6227820477,29.9494177706
2011-04-29,LLY,5.8392,1.0559,0.5132,6.5064,1.274,0.181,0.95,8.785,1.829,3.074,12.04,29.6926855529,30.877196565
2011-07-29,LLY,6.2528,1.1973,-0.3929,6.1135,1.296,0.191,1.07,9.383,1.853,3.106,12.332,31.1209639063,31.1987047412
2011-10-28,LLY,6.1479,1.2363,0.4842,6.5977,1.194,0.201,1.11,9.512,1.814,2.943,13.006,31.5364778847,32.785591155
2012-02-24,LLY,6.0466,0.8582,-0.6752,5.9225,1.487,0.142,0.77,10.422,1.866,3.348,11.665,33.0053450529,34.9070614772
2012-04-30,LLY,5.602,1.0111,-1.8003,4.1222,1.175,0.18,0.91,11.162,1.997,3.24,12.774,34.9831301341,37.2972302877
2012-07-27,LLY,5.6007,0.9236,0.2236,4.3458,1.223,0.165,0.83,12.779,2.201,3.599,12.33,37.9472164152,44.1859353208
2012-10-26,LLY,5.4433,1.3266,0.9734,5.3192,1.137,0.244,1.18,14.144,2.568,3.629,13.837,43.4333557646,47.885935885
2013-02-21,LLY,5.9574,0.8273,-1.3004,4.0188,1.328,0.139,0.75,14.988,2.711,4.148,13.023,47.6477851632,49.7735008656
2013-04-26,LLY,5.602,1.548,-0.0822,3.9366,1.16,0.276,1.42,13.751,2.814,4.253,13.275,49.7999620569,46.7932943929
2013-07-26,LLY,5.9297,1.2062,-0.1501,3.7865,1.181,0.203,1.12,12.249,2.622,3.946,13.524,47.4784215404,45.0649604972
2013-10-30,LLY,5.7726,1.2031,0.5824,4.3689,1.01,0.208,1.11,11.588,2.383,3.281,14.997,44.1762292045,50.539380835
2014-02-19,LLY,5.8088,0.7275,-0.5387,3.8302,0.999,0.125,0.68,13.884,2.814,3.689,15.746,53.1372422209,53.51228559
2014-04-28,LLY,4.6831,0.7279,0.0578,3.888,0.895,0.155,0.68,17.081,2.974,3.6,17.095,53.9422133545,58.8182555477
2014-07-28,LLY,4.9356,0.7335,-0.1223,3.7657,0.947,0.149,0.68,20.88,3.341,3.938,16.781,58.4585954715,60.2700736935
2014-10-29,LLY,4.8756,0.5006,-0.5999,3.1658,0.96,0.103,0.47,27.112,3.591,4.127,16.52,60.8836514914,66.9706330657
2015-02-19,LLY,5.1213,0.4285,0.7058,9.2772,1.417,0.084,0.4,33.057,4.029,5.14,14.428,67.0743757729,68.1683897759
2015-04-30,LLY,4.6447,0.5295,-0.8068,3.0648,1.388,0.114,0.5,36.384,4.074,5.346,14.02,67.7817124128,80.7989036614
2015-07-30,LLY,4.9787,0.6008,0.2507,3.3155,1.454,0.121,0.57,45.506,4.776,6.388,13.818,80.2766402108,78.3316595556
2015-10-30,LLY,4.9597,0.7997,-0.0767,3.2388,1.384,0.161,0.75,38.323,4.587,5.938,14.341,77.920895975,71.114483987
2016-02-19,LLY,5.3756,0.4784,0.4276,3.6664,1.44,0.089,0.45,33.347,4.024,5.512,13.741,70.2820563808,74.0086218272
2016-04-29,LLY,4.8651,0.4401,-1.3588,2.3076,1.31,0.09,0.42,35.952,4.132,5.555,14.162,73.1084384856,81.265633118
2016-07-28,LLY,5.4048,0.7477,0.9304,3.238,1.491,0.138,0.71,37.123,4.443,6.254,13.839,80.8076613247,74.6807246491
2016-10-28,LLY,5.1917,0.778,0.251,3.489,1.41,0.15,0.74,33.662,3.949,5.278,14.739,73.0823845601,79.8722541491
2017-02-21,LLY,5.7605,0.7718,1.0931,4.5821,1.765,0.134,0.73,32.388,4.178,6.33,13.239,79.8424473619,81.5314986376
2017-05-01,LLY,5.2283,-0.1108,-1.9652,2.6169,1.676,-0.021,-0.1,41.286,4.182,6.434,13.283,81.2930443399,83.02
2017-07-28,LLY,5.8243,1.008,0.453,3.0699,1.899,0.173,0.96,37.39,4.158,6.488,13.366,83.1,82.31
