datekey,ticker,revenue,netinc,ncf,cashneq,de,netmargin,eps,pe,ps,pb,bvps,P0,P1
2002-08-14,MA,0.448757,0.036389,,0.309402,1.069,0.081,0.05,,,,0.977,4.37812598947,4.37812598947
2002-11-14,MA,0.539435,0.07793,-0.039463,0.269939,1.061,0.144,0.08,,,,1.058,4.37812598947,4.37812598947
2003-03-07,MA,0.509235,-0.051486,0.066535,0.336474,1.209,-0.101,-0.07,,,,1.023,4.37812598947,4.37812598947
2003-05-14,MA,0.512215,-0.425391,-0.195255,0.141219,3.245,-0.83,-0.42,,,,0.599,4.37812598947,4.37812598947
2003-08-08,MA,0.556893,0.032327,0.163792,0.305011,3.229,0.058,0.03,,,,0.651,4.37812598947,4.37812598947
2003-11-07,MA,0.594169,0.074399,0.109625,0.414636,2.894,0.125,0.07,,,,0.732,4.37812598947,4.37812598947
2004-03-04,MA,0.567574,-0.067128,-0.040467,0.374169,3.145,-0.118,-0.07,,,,0.699,4.37812598947,4.37812598947
2004-05-10,MA,0.59431,0.073568,-0.029048,0.345121,2.708,0.124,0.07,,,,0.762,4.37812598947,4.37812598947
2004-08-05,MA,0.647275,0.065707,0.096807,0.441928,2.582,0.102,0.07,,,,0.977,4.37812598947,4.37812598947
2004-11-09,MA,0.667841,0.097515,0.136874,0.578802,2.426,0.146,0.1,,,,0.926,4.37812598947,4.37812598947
2005-03-02,MA,0.683904,0.00127,-0.123756,0.328996,2.344,0.002,0.0,,,,0.975,4.37812598947,4.37812598947
2005-05-09,MA,0.658238,0.093294,0.030996,0.359992,2.123,0.142,0.09,,,,1.038,4.37812598947,4.37812598947
2005-08-05,MA,0.771867,0.120248,0.160089,0.520081,1.963,0.156,0.12,,,,1.129,4.37812598947,4.37812598947
2005-11-03,MA,0.791605,0.106085,0.010907,0.530988,1.967,0.134,0.11,,,,1.235,4.37812598947,4.37812598947
2006-03-16,MA,0.715918,-0.052908,0.014285,0.545273,2.161,-0.074,-0.05,,,,1.169,4.37812598947,4.37812598947
2006-05-02,MA,0.738453,0.126744,-0.050481,0.494792,1.834,0.172,0.13,,,,1.308,4.37812598947,4.28294933752
2006-08-02,MA,0.846489,-0.31046,0.715064,1.209856,1.191,-0.367,-0.23,-51.718,2.183,3.189,1.565,4.76073613029,7.06133399359
2006-11-01,MA,0.901969,0.193004,0.211283,1.421139,1.098,0.214,0.14,-263.224,3.585,4.949,1.71,8.10671636755,9.8237835868
2007-02-28,MA,0.839163,0.040902,-0.236059,1.18508,1.148,0.049,0.03,288.468,4.353,6.124,1.742,10.2224575227,10.9693215715
2007-05-02,MA,0.915103,0.214906,0.024739,1.209819,1.0,0.235,0.16,123.367,4.873,6.562,1.915,12.0676863784,15.3718938922
2007-08-01,MA,0.996959,0.252286,0.310504,1.520323,0.963,0.253,0.19,28.921,5.55,7.105,2.101,14.3394532576,15.0375422242
2007-10-31,MA,1.08285,0.314461,0.1671,1.687423,0.932,0.29,0.23,30.417,6.526,7.886,2.344,18.1723171734,19.9395878773
2008-02-21,MA,1.072687,0.304233,-0.028128,1.659295,1.066,0.284,0.23,24.693,6.592,8.857,2.285,19.5814375619,23.2377092363
2008-04-29,MA,1.182084,0.446878,0.213255,2.006791,1.033,0.378,0.34,27.029,8.218,11.28,2.403,26.2542992848,23.4097891393
2008-08-01,MA,1.246504,-0.746653,-0.103339,1.912408,2.347,-0.599,-0.57,96.103,6.686,14.965,1.575,22.7501153762,13.8092324814
2008-11-04,MA,1.338178,-0.193582,0.302246,2.213816,3.118,-0.145,-0.15,-116.33,4.546,12.464,1.363,16.3380619754,15.2782449016
2009-02-19,MA,1.224834,0.239442,-0.566297,1.688405,2.358,0.195,0.18,-78.74,4.005,10.373,1.488,14.8469111516,17.6389998869
2009-05-01,MA,1.156102,0.367258,0.173032,1.883454,1.884,0.318,0.28,-67.061,4.504,10.069,1.714,16.6246011472,18.6813965549
2009-07-31,MA,1.279889,0.349074,0.370002,2.291524,1.616,0.273,0.27,33.008,5.033,9.436,2.055,18.6736972518,21.4433634209
2009-11-03,MA,1.364275,0.452199,0.268197,2.57716,1.154,0.331,0.35,20.2,5.66,8.84,2.476,21.1110948208,21.6660279878
2010-02-18,MA,1.298418,0.294001,-0.260952,2.501428,1.13,0.226,0.22,19.797,5.679,8.264,2.695,21.3933114499,24.1770547511
2010-05-04,MA,1.308,0.455,0.064,2.563,0.903,0.348,0.35,21.2,6.259,8.595,2.942,24.2262303829,19.5419975512
2010-08-03,MA,1.365,0.458,0.204,2.804,0.803,0.336,0.35,15.845,4.927,6.386,3.143,19.3866419514,23.0768018936
2010-11-02,MA,1.428,0.518,0.156,3.473,0.685,0.363,0.4,18.663,5.963,6.649,3.696,23.751754173,23.5874517829
2011-02-24,MA,1.438,0.415,0.588,3.56,0.696,0.289,0.32,17.275,5.757,6.127,3.973,23.5932491248,26.6141998172
2011-05-03,MA,1.501,0.562,-0.113,3.53,0.636,0.374,0.43,18.397,6.268,6.922,3.993,27.2996394507,28.8709389503
2011-08-03,MA,1.667,0.608,-0.19,3.372,0.648,0.365,0.48,20.45,7.127,7.862,4.307,32.7379366361,32.350079954
2011-11-02,MA,1.818,0.717,0.989,4.389,0.618,0.394,0.56,19.719,7.066,7.601,4.702,34.6106179968,38.0427708173
2012-02-16,MA,1.728,0.019,-0.019,4.37,0.821,0.011,0.02,26.095,7.408,8.476,4.584,38.0611648687,44.1667678055
2012-05-02,MA,1.758,0.682,-0.05,4.333,0.746,0.388,0.54,28.161,8.185,8.955,5.017,43.7356598504,42.3226862362
2012-08-01,MA,1.82,0.7,-0.531,3.879,0.792,0.385,0.56,25.172,7.484,8.51,4.972,41.414324301,43.9412505241
2012-10-31,MA,1.918,0.772,-0.108,3.82,0.752,0.403,0.62,26.358,7.929,8.286,5.53,44.7124389688,50.3949643256
2013-02-14,MA,1.895,0.605,-0.993,2.829,0.8,0.319,0.49,23.235,8.674,9.268,5.67,50.6812938353,53.7284294145
2013-05-01,MA,1.906,0.766,-0.068,2.796,0.749,0.402,0.63,23.083,8.705,9.732,5.482,52.4545254671,58.4991504683
2013-07-31,MA,2.096,0.848,0.364,3.188,0.711,0.405,0.7,24.625,9.425,10.495,5.8,59.3930469014,70.6493037053
2013-10-31,MA,2.218,0.879,1.065,4.291,0.792,0.396,0.73,27.864,10.637,11.274,6.328,69.8139892061,74.604455792
2014-02-14,MA,2.126,0.623,0.186,4.51,0.902,0.293,0.52,29.469,11.002,12.27,6.165,75.4428176368,71.8100042313
2014-05-01,MA,2.177,0.87,0.42,4.932,1.252,0.4,0.73,26.931,10.064,13.205,5.542,72.464153828,74.2211900119
2014-07-31,MA,2.377,0.931,-1.141,3.796,1.286,0.392,0.8,25.996,9.65,13.703,5.379,72.5003456644,74.4114603209
2014-10-30,MA,2.503,1.015,1.584,5.415,1.248,0.406,0.88,27.868,10.436,14.742,5.619,81.4031411564,85.8647631045
2015-02-13,MA,2.416,0.801,0.675,6.087,1.253,0.332,0.7,27.668,10.564,14.739,5.889,85.4919499192,88.6846080572
2015-04-29,MA,2.23,1.02,-0.93,5.16,1.317,0.457,0.89,27.318,10.803,16.332,5.489,88.7042655121,93.6895575121
2015-07-29,MA,2.39,0.921,-0.846,4.361,1.38,0.385,0.81,29.148,11.48,17.1,5.627,95.2352973744,98.7090315125
2015-10-29,MA,2.53,0.977,0.516,4.748,1.33,0.386,0.86,30.368,11.806,18.021,5.546,99.2021328788,81.1419231998
2016-02-12,MA,2.517,0.89,1.87,6.642,1.693,0.354,0.79,24.761,9.754,15.642,5.344,83.8891470032,97.4150531543
2016-04-28,MA,2.446,0.959,-0.853,5.831,1.897,0.392,0.86,28.504,10.807,19.494,4.94,96.226823191,93.0335960017
2016-07-28,MA,2.694,0.983,0.282,6.112,1.784,0.365,0.89,27.67,10.346,18.056,5.316,95.2763258893,102.999083457
2016-10-28,MA,2.88,1.184,0.029,6.202,1.781,0.411,1.08,29.004,11.054,18.73,5.674,106.279942293,108.47104532
2017-02-15,MA,2.756,0.933,1.516,7.712,2.297,0.339,0.86,29.122,10.969,20.899,5.194,109.24811563,116.160495908
2017-05-02,MA,2.734,1.081,-0.715,6.99,2.305,0.395,1.0,30.282,11.443,22.565,5.205,117.907345336,130.99
2017-07-27,MA,3.053,1.177,-0.829,6.17,2.374,0.386,1.1,31.382,12.019,23.462,5.469,128.93,129.82
