datekey,ticker,revenue,netinc,ncf,cashneq,de,netmargin,eps,pe,ps,pb,bvps,P0,P1
2001-07-13,MKC,0.56714,0.023892,0.016192,0.047484,3.46,0.042,0.2,24.956,1.372,8.432,2.679,16.0991546293,16.2956382133
2001-10-12,MKC,0.57071,0.030179,-0.01535,0.032134,3.068,0.053,0.25,24.327,1.327,7.335,3.075,16.1524113338,16.7382965073
2002-02-19,MKC,0.700946,0.052272,-0.000844,0.0313,2.826,0.075,0.43,25.33,1.361,6.974,3.34,16.7598850239,18.6382558723
2002-04-11,MKC,0.518906,0.028836,0.03085,0.062181,2.789,0.056,0.24,27.734,1.59,7.86,3.426,19.4621260427,17.8863560943
2002-07-10,MKC,0.55262,0.030193,-0.022023,0.040158,2.411,0.055,0.24,24.03,1.451,6.268,3.877,17.6323916062,17.127035617
2002-10-11,MKC,0.545011,0.031588,-0.016829,0.023329,2.257,0.058,0.25,23.522,1.45,5.747,4.18,17.5060168307,16.694848784
2003-02-05,MKC,0.703463,0.069883,0.024002,0.0473,2.26,0.099,0.55,19.901,1.377,5.393,4.228,16.694848784,17.9624401596
2003-04-11,MKC,0.555147,0.033667,-0.02633,0.021002,2.102,0.061,0.25,20.608,1.446,5.327,4.596,18.0065739192,18.9899200176
2003-07-11,MKC,0.596125,0.038431,0.003992,0.024994,1.823,0.064,0.29,20.556,1.487,4.947,5.181,18.9012511303,21.9432998241
2003-10-14,MKC,0.557612,0.036307,-0.01281,0.012184,1.806,0.065,0.37,23.165,1.712,5.741,5.159,22.076874189,22.2410097985
2004-01-29,MKC,0.698627,0.081369,0.012948,0.0251,1.815,0.116,0.6,22.065,1.814,5.452,5.499,22.3528486007,25.201227626
2004-04-07,MKC,0.572362,0.035904,-0.007406,0.017735,1.554,0.063,0.28,24.134,1.911,5.528,6.103,25.2311756089,26.2447254537
2004-07-09,MKC,0.596164,0.04185,-0.00161,0.016125,1.634,0.07,0.31,24.633,1.985,6.008,5.82,26.402599769,25.898204674
2004-10-08,MKC,0.613544,0.044206,0.009784,0.025909,1.646,0.072,0.34,23.09,1.893,5.827,5.882,25.920849563,27.286621386
2005-01-27,MKC,0.744131,0.082841,0.044432,0.0703,1.629,0.111,0.64,24.505,1.987,5.641,6.552,28.0142646229,26.2178953817
2005-04-01,MKC,0.603623,0.031911,-0.045941,0.024394,1.481,0.053,0.27,23.055,1.81,5.118,6.668,26.0732134147,25.3574184203
2005-06-30,MKC,0.628571,0.040197,-0.004298,0.020096,1.677,0.064,0.32,21.97,1.689,5.429,5.982,24.8852983175,25.1479876114
2005-10-06,MKC,0.622731,0.044248,0.026021,0.046117,1.704,0.071,0.36,21.308,1.633,5.12,6.189,24.3866265186,23.9038475676
2006-01-27,MKC,0.737074,0.082644,-0.015782,0.0303,1.805,0.112,0.66,20.765,1.594,5.166,6.032,24.1049802655,26.426899103
2006-04-06,MKC,0.609701,0.008552,0.001316,0.031579,1.703,0.014,0.11,25.404,1.717,5.361,6.276,26.1935833369,26.7641131513
2006-07-07,MKC,0.639906,0.031081,0.042489,0.074068,1.593,0.049,0.47,26.998,1.723,4.94,6.885,26.6624673812,29.8603996859
2006-10-05,MKC,0.663095,0.038549,-0.036356,0.037712,1.681,0.058,0.33,30.813,1.87,5.407,6.965,29.6247217089,30.4007235842
2007-01-29,MKC,0.803698,0.080116,0.011251,0.049,1.748,0.1,0.63,31.695,1.847,5.376,7.169,30.4323087516,30.3616560853
2007-04-06,MKC,0.652639,0.038352,-0.010461,0.038582,1.589,0.059,0.34,26.57,1.811,5.06,7.578,30.1076500736,29.8768236308
2007-07-09,MKC,0.687214,0.037148,0.001887,0.040469,1.568,0.054,0.32,25.248,1.747,4.88,7.719,30.1641007811,28.450331341
2007-10-09,MKC,0.716227,0.056848,0.005255,0.045724,1.748,0.079,0.44,21.441,1.593,4.7,7.509,28.6188664491,27.457019248
2008-01-28,MKC,0.860119,0.067698,0.000219,0.0459,1.56,0.079,0.68,20.809,1.5,4.031,8.487,27.6103653285,30.4997283181
2008-04-07,MKC,0.72395,0.046059,-0.02144,0.024436,1.466,0.064,0.4,23.342,1.623,4.197,9.03,30.5320117035,29.7102979359
2008-07-09,MKC,0.7641,0.049,0.02284,0.0473,1.342,0.064,0.41,21.433,1.536,3.813,9.592,29.8164936667,30.0092910707
2008-10-09,MKC,0.7816,0.0633,-0.017,0.0303,1.823,0.081,0.53,19.81,1.431,3.685,9.398,28.3005769884,25.6961139288
2009-01-28,MKC,0.9069,0.0788,0.0086,0.0389,2.052,0.087,0.63,17.388,1.298,3.908,8.111,26.2424874853,24.1454127594
2009-04-08,MKC,0.7185,0.0545,-0.0155,0.0234,1.888,0.076,0.44,15.338,1.188,3.442,8.399,24.1287204589,27.5477504149
2009-07-09,MKC,0.7573,0.0469,-0.0105,0.0129,1.57,0.062,0.39,17.437,1.342,3.371,9.643,27.3123714061,28.3944183591
2009-10-08,MKC,0.7917,0.072,0.015,0.0279,1.483,0.091,0.57,17.454,1.387,3.306,10.173,28.4706108949,32.0075717279
2010-01-28,MKC,0.9246,0.1101,0.0116,0.0395,1.538,0.119,0.89,16.988,1.509,3.609,10.1,31.0782096293,32.6470410619
2010-03-31,MKC,0.7645,0.0616,-0.0176,0.0219,1.437,0.081,0.51,17.488,1.569,3.817,10.065,32.7067248664,32.7846984628
2010-07-07,MKC,0.7983,0.0595,0.0012,0.0231,1.48,0.075,0.5,16.945,1.567,3.991,9.672,33.3292373511,36.3371664481
2010-10-01,MKC,0.7946,0.0958,0.0005,0.0236,1.363,0.121,0.77,16.937,1.688,4.008,10.366,36.0087144203,39.145323556
2011-01-27,MKC,0.9794,0.1277,0.0272,0.0508,1.338,0.13,1.01,17.416,1.799,4.104,11.001,39.5040536109,41.8489232383
2011-04-01,MKC,0.7828,0.0689,-0.0102,0.0406,1.206,0.088,0.58,18.039,1.892,4.027,11.862,41.9189193466,43.6280822468
2011-07-01,MKC,0.8837,0.0675,0.0073,0.0479,1.186,0.076,0.56,18.333,1.918,4.018,12.403,43.9009227854,41.575349625
2011-10-07,MKC,0.9204,0.0852,0.0043,0.0522,1.159,0.093,0.69,17.73,1.737,3.6,12.974,41.5664450738,45.7557541158
2012-01-27,MKC,1.1107,0.1273,0.0017,0.0539,1.526,0.115,0.99,19.229,1.814,4.144,12.165,45.1644324452,48.7661189842
2012-04-02,MKC,0.9067,0.0699,0.0005,0.0544,1.41,0.077,0.56,20.866,1.91,4.313,12.717,49.330562397,54.6488143197
2012-07-02,MKC,0.984,0.0765,0.007,0.0614,1.42,0.078,0.61,22.524,2.061,4.933,12.36,54.9191299718,55.9196602338
2012-09-28,MKC,0.9777,0.0989,0.0108,0.0722,1.353,0.101,0.79,22.065,2.066,4.769,12.992,56.182278881,57.0657630203
2013-01-25,MKC,1.1458,0.141,0.0068,0.079,1.45,0.123,1.12,21.25,2.045,4.828,12.814,56.6082853626,66.5264009813
2013-04-02,MKC,0.9344,0.0706,-0.0104,0.0686,1.369,0.076,0.57,24.752,2.37,5.554,13.017,66.4440550029,64.8948988922
2013-06-28,MKC,1.0026,0.0727,0.0035,0.0721,1.428,0.073,0.6,24.234,2.287,5.356,13.124,64.6834549661,61.4908086454
2013-09-27,MKC,1.0164,0.0994,0.0747,0.1468,1.422,0.098,0.79,22.507,2.107,4.805,13.607,60.4191539274,65.0070074458
2014-01-29,MKC,1.17,0.1231,-0.0838,0.063,1.285,0.105,0.98,23.415,2.077,4.398,14.849,60.9732488683,66.4823172959
2014-03-26,MKC,0.9934,0.0774,0.0264,0.0894,1.229,0.078,0.63,24.902,2.218,4.669,15.159,66.3889432548,65.9555337227
2014-06-27,MKC,1.0334,0.0783,-0.008,0.0814,1.227,0.076,0.65,24.565,2.205,4.692,15.207,67.1757157896,61.9029307793
2014-10-02,MKC,1.0428,0.1141,0.0124,0.0938,1.27,0.109,0.95,22.187,2.056,4.425,15.201,63.6861427771,68.5263532481
2015-01-29,MKC,1.1736,0.1387,-0.0165,0.0773,1.44,0.118,1.15,22.796,2.195,5.147,14.106,69.2320240163,74.4005855889
2015-03-31,MKC,1.0104,0.0606,0.0045,0.0818,1.463,0.06,0.55,25.156,2.313,5.783,13.291,73.5328012658,77.5994567187
2015-07-01,MKC,1.0241,0.0769,0.0077,0.0895,1.523,0.075,0.66,26.067,2.393,5.863,13.568,76.2765753071,76.709060552
2015-10-05,MKC,1.0599,0.0879,0.0189,0.1084,1.548,0.083,0.76,28.722,2.45,5.934,13.767,78.6841117217,79.9599628652
2016-01-28,MKC,1.2019,0.1395,0.0042,0.1126,1.672,0.116,1.17,29.751,2.527,6.436,13.271,83.0925955507,94.7183597098
2016-03-29,MKC,1.0302,0.085,-0.0008,0.1118,1.548,0.083,0.73,32.47,2.929,7.32,13.587,96.8878537747,104.224593223
2016-07-01,MKC,1.0633,0.0861,0.0197,0.1315,1.619,0.081,0.74,33.647,3.079,7.56,13.976,103.442933201,95.0924012832
2016-10-04,MKC,1.091,0.1196,0.0027,0.1342,1.658,0.11,1.01,28.271,2.773,6.853,14.04,94.6411219622,93.153082406
2017-01-25,MKC,1.227,0.1455,-0.0158,0.1184,1.83,0.119,1.25,27.492,2.718,7.321,13.085,94.8764887152,100.393369832
2017-03-28,MKC,1.0437,0.0865,0.0073,0.1257,1.744,0.083,0.75,28.038,2.773,7.087,13.842,97.491312081,94.894152375
2017-06-30,MKC,1.1143,0.0916,0.0043,0.13,1.693,0.082,0.8,26.809,2.655,6.567,14.51,97.0336493088,94.51
