datekey,ticker,revenue,netinc,ncf,cashneq,de,netmargin,eps,pe,ps,pb,bvps,P0,P1
2001-07-27,PPG,2.164,0.155,0.04,0.118,1.879,0.072,0.46,18.66,1.057,2.968,9.099,17.651329589,16.7473936946
2001-10-26,PPG,1.999,0.093,0.041,0.159,1.804,0.047,0.28,20.064,1.013,2.78,9.215,16.8758397819,16.6069075434
2002-02-22,PPG,1.907,0.083,-0.051,0.108,1.705,0.044,0.24,21.949,1.04,2.758,9.138,16.8781637465,17.9330489806
2002-05-03,PPG,1.875,0.034,-0.036,0.072,1.752,0.018,0.1,24.909,1.144,2.994,8.997,18.0402119251,19.6670663463
2002-08-12,PPG,2.134,-0.345,0.064,0.136,2.163,-0.162,-1.02,-72.196,1.231,3.577,8.045,19.5549355257,16.5885656362
2002-11-06,PPG,2.068,0.148,0.027,0.163,2.047,0.072,0.43,-106.278,1.065,3.066,8.183,17.0506805331,16.2912318743
2003-02-21,PPG,1.99,0.094,-0.046,0.117,2.596,0.047,0.28,-117.701,1.007,3.777,6.342,16.5749186472,16.927797316
2003-05-05,PPG,2.071,0.078,-0.04,0.077,2.536,0.038,0.23,-330.478,1.0,3.695,6.587,16.8413074462,19.3733007817
2003-07-28,PPG,2.304,0.152,0.076,0.153,2.363,0.066,0.45,19.879,1.113,3.861,7.158,19.29998319,20.2908767554
2003-11-03,PPG,2.206,0.142,0.13,0.283,2.239,0.064,0.41,21.233,1.154,3.923,7.421,20.4950174062,21.1985178427
2004-02-20,PPG,2.175,0.122,0.216,0.499,1.847,0.056,0.36,20.413,1.152,3.464,8.5,21.0377606295,21.1878006951
2004-05-03,PPG,2.264,0.115,-0.033,0.466,1.857,0.051,0.34,19.119,1.134,3.416,8.661,21.1377873399,20.8342290269
2004-07-26,PPG,2.429,0.183,0.117,0.583,1.788,0.075,0.54,17.711,1.097,3.253,8.908,20.8594259176,23.1295137884
2004-11-01,PPG,2.409,0.194,-0.022,0.561,1.607,0.081,0.56,17.819,1.179,3.361,9.468,23.0932321981,26.2580768093
2005-02-17,PPG,2.411,0.183,0.148,0.709,1.474,0.076,0.53,17.979,1.291,3.438,10.373,26.2178933306,24.8320063724
2005-05-02,PPG,2.493,0.095,-0.019,0.677,1.51,0.038,0.28,17.821,1.198,3.289,10.337,24.9974305451,24.06872647
2005-08-01,PPG,2.656,0.231,-0.17,0.47,1.54,0.087,0.68,15.728,1.109,3.24,10.044,24.0872323338,22.1453656791
2005-10-31,PPG,2.547,0.157,0.019,0.489,1.611,0.062,0.47,15.04,0.991,3.019,9.932,22.3578717134,22.5844367481
2006-02-16,PPG,2.505,0.113,-0.023,0.466,1.808,0.045,0.34,16.694,0.975,3.259,9.233,22.7927453211,26.0540145669
2006-05-10,PPG,2.638,0.184,-0.05,0.416,1.735,0.07,0.56,16.556,1.096,3.529,9.702,26.1150399268,23.4718790287
2006-08-01,PPG,2.824,0.28,0.003,0.419,1.696,0.099,0.84,13.758,0.961,2.904,10.525,23.3193156291,26.5055907856
2006-10-31,PPG,2.802,0.09,-0.103,0.316,1.769,0.032,0.27,16.947,1.05,3.245,10.538,26.2903481691,26.5929156509
2007-02-21,PPG,2.773,0.157,0.139,0.455,2.053,0.057,0.48,15.745,1.014,3.462,9.861,26.6202104323,29.1352295811
2007-04-30,PPG,2.917,0.194,-0.273,0.182,1.963,0.067,0.59,16.757,1.068,3.516,10.465,28.6946138233,29.8519188085
2007-07-30,PPG,3.173,0.249,0.015,0.197,1.849,0.078,0.76,18.388,1.088,3.443,11.231,30.3582827172,29.0628859769
2007-10-29,PPG,2.823,0.191,0.042,0.227,1.69,0.068,0.58,15.335,1.038,3.03,12.223,29.2762930809,25.5629067468
2008-02-21,PPG,2.874,0.2,0.299,2.232,2.01,0.07,0.61,12.571,0.936,2.526,12.669,25.6873297503,26.0244759532
2008-04-28,PPG,3.72,0.1,-0.228,0.31,2.594,0.027,0.3,14.064,0.827,2.379,13.328,25.4545383244,24.4745385589
2008-07-28,PPG,4.474,0.25,-0.032,0.278,2.463,0.056,0.76,13.198,0.704,2.115,14.087,24.114380832,18.409613857
2008-10-27,PPG,4.225,0.117,0.25,0.558,2.539,0.028,0.35,10.803,0.471,1.714,12.801,17.9076447804,14.296225769
2009-02-19,PPG,3.188,0.071,0.505,1.045,3.363,0.022,0.22,10.205,0.346,1.647,10.147,14.0194434573,19.0644301396
2009-04-27,PPG,2.783,-0.111,-0.49,0.531,3.53,-0.04,-0.34,22.15,0.494,2.412,9.127,18.4647351308,22.3090812702
2009-07-27,PPG,3.115,0.146,0.521,1.052,3.325,0.047,0.45,39.053,0.654,2.586,10.212,22.4151937192,25.4245473065
2009-10-26,PPG,3.225,0.159,-0.154,0.898,2.902,0.049,0.48,36.68,0.79,2.603,11.181,24.9403926308,26.9595327306
2010-02-18,PPG,3.116,0.142,0.159,1.057,2.631,0.046,0.43,30.659,0.842,2.627,11.823,27.0903830755,31.0856802736
2010-04-26,PPG,3.126,0.03,-0.368,0.689,2.631,0.01,0.09,24.66,0.935,3.104,11.39,30.8457879746,29.7528322609
2010-07-26,PPG,3.458,0.272,0.095,0.784,2.673,0.079,0.82,18.679,0.871,3.095,11.017,29.9947252061,33.9998311673
2010-11-01,PPG,3.46,0.262,0.146,0.93,2.442,0.076,0.8,17.704,0.95,3.047,12.581,33.9865326675,39.8381623495
2011-02-17,PPG,3.379,0.205,0.411,1.341,2.907,0.061,0.63,18.68,1.07,3.748,11.934,40.1750126512,42.5194907511
2011-05-02,PPG,3.533,0.228,-0.545,0.796,2.78,0.065,0.71,15.395,1.076,3.726,12.63,42.2769585339,38.0555351991
2011-08-01,PPG,3.986,0.34,0.186,0.982,2.56,0.085,1.07,12.769,0.92,3.082,13.611,37.9199454062,40.7078066108
2011-10-31,PPG,3.849,0.311,0.319,1.301,2.723,0.081,0.99,12.31,0.905,3.416,12.647,39.3595341752,41.4899896967
2012-02-16,PPG,3.517,0.216,0.156,1.457,3.174,0.061,0.71,12.688,0.933,4.032,11.335,42.1634985354,48.7417423988
2012-04-30,PPG,3.752,0.013,-0.479,0.978,3.219,0.003,0.04,18.212,1.061,4.558,11.544,48.5479932808,51.2197285733
2012-07-30,PPG,3.955,0.362,0.039,1.017,3.032,0.092,1.19,18.788,1.124,4.611,12.034,51.48413036,54.149765794
2012-10-29,PPG,3.845,0.339,0.375,1.392,2.777,0.088,1.1,19.147,1.182,4.31,13.472,54.5974386769,61.9029220265
2013-02-21,PPG,3.648,0.227,-0.086,1.306,2.674,0.062,0.73,19.746,1.222,4.299,15.128,61.2298083584,68.2198349122
2013-04-29,PPG,3.331,2.41,0.715,2.021,2.05,0.724,8.24,6.283,1.419,4.16,17.67,69.2036164272,74.2438472838
2013-07-29,PPG,4.095,0.341,-0.778,1.243,2.031,0.083,1.19,6.944,1.544,4.345,18.547,76.1624394802,86.2920992194
2013-10-28,PPG,3.98,0.226,0.319,1.562,2.036,0.057,0.79,8.018,1.707,4.687,19.296,85.8035280771,89.3166159963
2014-02-20,PPG,3.702,0.254,-0.446,1.116,2.052,0.069,0.96,8.092,1.73,5.03,18.764,90.1235500337,93.728492035
2014-04-24,PPG,3.636,1.262,1.443,2.559,1.811,0.347,4.54,12.911,1.745,4.417,22.02,92.8738104215,100.664882018
2014-07-23,PPG,4.082,0.386,-0.573,1.986,1.737,0.095,1.39,13.622,1.882,4.586,22.93,100.760703142,93.6947494261
2014-10-24,PPG,3.935,0.371,0.482,2.468,1.754,0.094,1.34,11.825,1.75,4.332,22.607,94.1514452288,114.260576761
2015-02-19,PPG,3.707,0.083,-1.782,0.686,2.34,0.022,0.32,15.243,2.086,6.085,19.349,113.902666048,108.006812548
2015-04-27,PPG,3.662,0.322,0.049,0.735,2.367,0.088,1.18,25.834,1.951,5.82,18.974,106.81700126,100.196167896
2015-07-27,PPG,4.1,0.337,-0.028,0.707,2.348,0.082,1.24,24.905,1.799,5.274,19.415,99.3616041726,101.259582084
2015-10-26,PPG,3.872,0.433,0.308,1.015,2.382,0.112,1.6,23.817,1.824,5.386,19.297,101.201157477,93.180721909
2016-02-18,PPG,3.696,0.314,0.296,1.311,2.369,0.085,1.17,17.966,1.648,4.983,19.002,92.8766585006,113.847225179
2016-04-21,PPG,3.672,0.347,-0.402,0.909,2.299,0.094,1.3,20.5,1.912,5.59,19.725,108.148488397,106.903823538
2016-07-22,PPG,4.064,0.37,0.696,1.605,2.175,0.091,1.38,19.58,1.873,5.276,20.403,105.97841978,91.5704220828
2016-10-21,PPG,3.789,-0.184,-0.676,0.929,2.22,-0.049,-0.69,28.793,1.602,4.762,19.398,91.2937145695,101.126941101
2017-02-16,PPG,3.497,0.344,0.891,1.82,2.21,0.098,1.3,29.834,1.774,5.326,19.11,101.395948727,105.550622071
2017-04-24,PPG,3.569,0.334,-0.471,1.349,2.056,0.094,1.3,32.028,1.855,5.235,20.633,107.613013875,106.72
2017-07-21,PPG,3.806,0.501,0.22,1.569,1.96,0.132,1.95,27.419,1.861,4.757,22.36,106.37,105.01
