datekey,ticker,revenue,netinc,ncf,cashneq,de,netmargin,eps,pe,ps,pb,bvps,P0,P1
2001-08-09,WM,2.915,0.191,-0.491,0.396,2.609,0.066,0.31,112.3,1.569,3.531,8.261,18.8416352163,17.6146260505
2001-11-13,WM,2.897,0.03,-0.321,0.075,2.629,0.01,0.05,45.376,1.524,3.349,8.278,17.9118647879,17.8706487826
2002-03-12,WM,2.791,0.158,0.655,0.73,2.619,0.057,0.25,34.459,1.531,3.222,8.556,17.8382978615,16.8548298619
2002-05-08,WM,2.609,0.138,-0.424,0.306,2.59,0.053,0.22,32.182,1.484,3.18,8.465,17.417735888,15.7225476255
2002-08-02,WM,2.825,0.217,0.414,0.72,2.753,0.077,0.35,27.249,1.33,2.805,8.624,15.6513755992,14.9006859331
2002-11-01,WM,2.896,0.231,-0.064,0.656,2.7,0.08,0.38,19.406,1.298,2.677,8.862,15.3537910658,13.5090058829
2003-02-24,WM,2.812,0.236,-0.392,0.264,2.704,0.084,0.39,14.592,1.077,2.268,8.89,13.0494278198,13.9556380851
2003-04-30,WM,2.716,0.061,0.117,0.381,2.742,0.022,0.1,17.241,1.142,2.424,8.959,14.0592049725,15.4185203704
2003-08-05,WM,2.915,0.176,0.372,0.753,2.677,0.06,0.3,20.736,1.287,2.636,9.35,15.9557735991,16.7583476948
2003-10-31,WM,2.975,0.21,-0.23,0.523,2.613,0.071,0.36,22.105,1.322,2.714,9.549,16.7842493141,18.8758050736
2004-02-20,WM,2.968,0.183,-0.388,0.135,2.668,0.062,0.31,26.106,1.421,2.956,9.643,18.4613791646,18.868597975
2004-04-30,WM,2.896,0.152,0.554,0.689,2.689,0.052,0.26,22.867,1.403,2.905,9.776,18.5101272017,18.458802104
2004-07-29,WM,3.138,0.216,-0.218,0.553,2.641,0.069,0.37,21.45,1.363,2.835,9.93,18.4653617352,18.0546857523
2004-10-28,WM,3.274,0.302,0.066,0.619,2.618,0.092,0.52,19.189,1.333,2.8,10.218,18.8933635469,19.9629817328
2005-02-17,WM,3.208,0.269,-0.176,0.443,2.454,0.084,0.47,18.168,1.363,2.857,10.504,19.9430453329,18.8134868649
2005-04-28,WM,3.038,0.15,0.017,0.441,2.427,0.049,0.26,17.011,1.259,2.682,10.462,18.7733442898,19.8902393878
2005-07-28,WM,3.289,0.527,0.04,0.481,2.292,0.16,0.93,12.395,1.208,2.496,11.025,18.536382931,18.6938426265
2005-10-27,WM,3.375,0.215,-0.181,0.3,2.322,0.064,0.39,13.537,1.217,2.573,11.067,19.3248870418,23.1208707644
2006-02-21,WM,3.372,0.29,0.366,0.666,2.407,0.086,0.53,15.679,1.418,3.028,11.197,23.1550227153,25.6579713094
2006-04-27,WM,3.229,0.186,-0.212,0.454,2.386,0.058,0.34,17.025,1.563,3.416,11.137,26.1529804021,23.7295002526
2006-07-28,WM,3.41,0.417,0.115,0.569,2.314,0.122,0.77,16.947,1.403,3.013,11.53,24.0268970789,26.1231004366
2006-10-25,WM,3.441,0.3,0.177,0.746,2.349,0.087,0.56,16.763,1.487,3.247,11.514,26.0186915619,24.718542023
2007-02-15,WM,3.283,0.246,-0.132,0.614,2.267,0.075,0.47,16.54,1.422,3.054,11.672,24.9636267173,24.9291112436
2007-04-27,WM,3.188,0.222,-0.143,0.471,2.419,0.07,0.42,16.649,1.481,3.413,11.171,26.8895901476,26.6023422549
2007-07-31,WM,3.358,0.338,0.099,0.57,2.278,0.101,0.65,17.85,1.488,3.252,11.693,26.9855181636,27.8740699208
2007-10-26,WM,3.403,0.278,-0.033,0.537,2.367,0.082,0.54,16.887,1.383,3.086,11.669,25.717275374,24.1019810557
2008-02-19,WM,3.361,0.309,-0.189,0.348,2.43,0.092,0.61,14.409,1.259,2.893,11.693,24.3321402302,25.6502851171
2008-04-29,WM,3.266,0.241,0.118,0.466,2.543,0.074,0.49,15.028,1.309,3.123,11.435,25.8968527434,25.6157922523
2008-07-29,WM,3.489,0.318,-0.256,0.21,2.451,0.091,0.65,15.373,1.303,3.079,11.667,26.236648352,21.7859098093
2008-10-30,WM,3.525,0.31,0.294,0.504,2.399,0.088,0.63,13.093,1.131,2.616,12.019,23.1401690677,21.7703438495
2009-02-17,WM,3.108,0.218,-0.024,0.48,2.379,0.07,0.45,12.944,1.051,2.384,12.009,21.2725237,20.2949888386
2009-04-29,WM,2.81,0.155,0.467,0.947,2.407,0.055,0.31,13.241,1.025,2.245,11.998,20.2648999004,22.4081300738
2009-07-30,WM,2.952,0.247,-0.419,0.528,2.271,0.084,0.5,14.86,1.115,2.278,12.316,21.3211685404,23.5014616399
2009-10-29,WM,3.023,0.277,0.084,0.612,2.231,0.092,0.56,16.797,1.267,2.424,12.695,23.6165896362,24.6458960911
2010-02-16,WM,3.006,0.315,0.528,1.14,2.317,0.105,0.64,16.052,1.353,2.539,12.96,25.4743946402,27.5829033651
2010-04-29,WM,2.935,0.182,-0.269,0.871,2.319,0.062,0.37,16.601,1.422,2.719,12.904,27.4265820085,26.791324399
2010-08-02,WM,3.158,0.246,0.298,1.169,2.517,0.078,0.51,16.13,1.357,2.698,12.774,27.1937861205,28.7451925253
2010-10-28,WM,3.235,0.244,-0.619,0.55,2.439,0.075,0.51,17.417,1.394,2.814,12.837,28.7770519795,30.5354321338
2011-02-17,WM,3.187,0.281,-0.011,0.539,2.378,0.088,0.58,18.95,1.443,2.885,13.165,30.5273943786,32.0057043468
2011-04-28,WM,3.103,0.186,0.137,0.676,2.384,0.06,0.39,19.627,1.481,2.982,13.281,32.1273682002,29.0537579184
2011-07-28,WM,3.347,0.237,-0.305,0.371,2.378,0.071,0.5,16.273,1.198,2.452,13.327,26.7382936855,28.6753931524
2011-10-27,WM,3.522,0.272,-0.089,0.282,2.651,0.077,0.58,16.069,1.192,2.637,12.921,28.1710105162,29.280273827
2012-02-16,WM,3.406,0.266,-0.024,0.258,2.665,0.078,0.58,16.525,1.187,2.616,13.156,28.778612939,30.4774012562
2012-04-26,WM,3.295,0.171,-0.069,0.189,2.607,0.052,0.37,17.269,1.204,2.652,13.305,29.8100745658,27.7038045944
2012-07-26,WM,3.459,0.208,0.048,0.237,2.627,0.06,0.45,16.733,1.121,2.488,13.306,28.2674455017,28.0793567225
2012-10-31,WM,3.461,0.214,0.161,0.398,2.618,0.062,0.46,17.681,1.115,2.415,13.555,28.2519403532,31.9676379133
2013-02-14,WM,3.434,0.224,-0.204,0.194,2.585,0.065,0.48,21.148,1.266,2.719,13.659,32.4038775137,34.1002975824
2013-04-24,WM,3.336,0.168,0.113,0.307,2.571,0.05,0.36,22.691,1.349,2.888,13.693,34.8492705267,37.2043488967
2013-07-30,WM,3.526,0.244,-0.153,0.154,2.488,0.069,0.52,23.009,1.422,3.005,13.885,37.088779832,39.1223897284
2013-10-29,WM,3.621,0.291,0.003,0.157,2.474,0.08,0.62,21.89,1.458,3.025,14.297,38.7994348946,39.4943316335
2014-02-18,WM,3.5,-0.605,-0.099,0.058,2.909,-0.173,-1.29,197.881,1.387,3.398,12.278,37.7307880868,38.3206170137
2014-04-24,WM,3.396,0.228,0.281,0.339,2.859,0.067,0.49,126.178,1.42,3.475,12.328,39.0963380059,40.3944111793
2014-07-29,WM,3.561,0.21,-0.202,0.137,2.739,0.059,0.45,171.478,1.51,3.633,12.549,41.9590158502,44.9197895086
2014-10-29,WM,3.602,0.27,0.046,0.183,3.085,0.075,0.59,212.2,1.555,4.075,11.714,44.2796685924,47.9452866618
2015-02-17,WM,3.437,0.59,1.124,1.307,2.646,0.172,1.27,19.08,1.769,4.222,12.776,50.4224753858,49.3948249855
2015-04-29,WM,3.04,-0.129,-1.03,0.277,2.722,-0.042,-0.28,24.268,1.674,4.112,12.131,46.9566203598,45.3502906486
2015-07-23,WM,3.315,0.274,-0.004,0.273,2.817,0.083,0.6,22.086,1.657,4.121,11.909,46.5646917371,50.8541915118
2015-10-27,WM,3.36,0.335,-0.16,0.113,2.893,0.1,0.75,22.675,1.845,4.635,11.725,51.9536899183,52.8667525318
2016-02-18,WM,3.246,0.273,-0.074,0.039,2.816,0.084,0.6,32.734,1.902,4.612,11.994,53.2615679878,54.7000170579
2016-04-28,WM,3.176,0.258,0.065,0.104,2.925,0.081,0.58,22.724,1.978,4.897,11.907,56.5524467136,65.7591470166
2016-07-27,WM,3.425,0.287,-0.065,0.039,2.981,0.084,0.65,25.356,2.214,5.614,11.775,64.53867287,61.6497993332
2016-10-26,WM,3.548,0.302,-0.009,0.03,2.869,0.085,0.68,25.245,2.111,5.276,12.124,62.8584262567,70.5236684794
2017-02-16,WM,3.46,0.335,0.002,0.032,2.934,0.097,0.75,26.479,2.3,5.909,12.047,70.3556373141,73.8022628974
2017-04-26,WM,3.44,0.298,-0.002,0.03,2.739,0.087,0.68,26.148,2.303,5.792,12.484,71.8833841773,75.64
2017-07-26,WM,3.677,0.362,0.002,0.032,2.795,0.098,0.82,25.33,2.326,5.989,12.467,74.66,75.52
